3317 5159
842 321 1003 386 -96-

903 563 931 622 ΙΙ

371 729 389 792 1
450 731 494 791 Ex
516 731 565 792 his
583 732 751 810 ceterisque
773 731 901 791 tectione
926 730 1027 808 dignis
1048 729 1224 791 auctoribus
1243 735 1274 791 et
1287 730 1449 791 verborum

413 829 562 889 sumenda
576 830 661 909 copia
674 835 763 889 estet
777 833 906 889 varietas
921 828 1090 904 figurarum
1105 833 1135 887 et
1149 826 1347 907 componendi
1361 829 1447 904 ratio,

414 932 481 986 tum
494 927 532 987 ed
547 927 722 1006 exemplum
735 927 884 986 virtutum
901 926 1039 986 omnium
1054 945 1141 986 mens
1155 926 1323 1003 dirigenda.
1344 927 1450 1004 Neque

414 1027 496 1084 enim
522 1024 655 1085 dubitari
679 1029 791 1104 potest,
817 1025 893 1102 quin
918 1023 992 1084 artis
1023 1043 1092 1103 pars
1123 1042 1233 1102 magna
1259 1024 1449 1084 contineatur

414 1123 673 1182 imitatione.
691 1123 770 1182 Nam
786 1127 820 1181 ut
835 1122 971 1182 invenire
985 1122 1118 1200 primum
1135 1122 1192 1182 fuit
1206 1127 1311 1199 estque
1332 1121 1445 1200 praeci·

414 1238 527 1298 puum,
551 1219 659 1297 sicea,
680 1237 757 1297 quae
778 1216 856 1278 bene
879 1219 999 1279 inventa
1023 1224 1113 1296 sunt,
1138 1219 1212 1278 utile
1235 1219 1331 1297 sequi.
1349 1219 1449 1297 Atque

414 1317 513 1377 omnis
527 1317 605 1377 vitae
619 1318 694 1377 ratio
709 1318 753 1377 sic
770 1323 903 1394 constat,
920 1323 955 1377 ut
975 1335 1053 1395 quae
1069 1317 1233 1396 probamus
1253 1318 1286 1376 in
1307 1318 1386 1395 eliis,
1402 1318 1445 1378 fa·

373 1415 393 1474 2
414 1435 483 1475 cere
503 1415 561 1494 ipsi
586 1415 726 1475 velimus.
752 1415 802 1475 Sic
828 1415 1000 1496 litterarum
1025 1416 1146 1493 ductuS,
1167 1421 1201 1475 ut
1227 1415 1381 1475 scribendi
1397 1417 1450 1476 fiat

378 1537 381 1544 ’
413 1533 501 1588 usus,
517 1514 603 1593 pueri
618 1519 800 1591 sequuntur,
816 1513 860 1573 sic
875 1514 984 1573 musici
999 1532 1102 1574 vocem
1117 1513 1302 1591 docentium,
1320 1515 1448 1593 pictores

413 1630 504 1690 opera
527 1611 674 1690 priorum,
696 1611 802 1671 rustici
830 1610 986 1690 probatam
1012 1611 1218 1691 experimento
1243 1612 1394 1671 culturam
1417 1613 1450 1671 in

381 1752 384 1758 -
414 1710 588 1789 exemplum
612 1709 787 1782 intuentur,
816 1711 916 1768 omnis
943 1705 1075 1788 denique
1101 1710 1278 1789 disciplinae
1301 1711 1386 1770 initia
1412 1711 1449 1770 ad

413 1807 600 1887 propositum
623 1806 681 1866 sibi
705 1807 927 1886 praescriptum
952 1807 1076 1867 formari
1099 1807 1247 1867 videmus.
1265 1809 1303 1868 Et
1325 1809 1450 1868 hercule

408 1977 436 2030 1.
459 1977 629 2031 uerborum
654 1977 710 2030 etc.
729 1973 833 2039 Quint.
850 1991 888 2030 ne
935 1973 1087 2030 l'infinitii
1098 1976 1205 2047 passis.
1222 1975 1269 2032 cf.
1286 1977 1313 2041 t,
1328 1977 1363 2032 81
1379 1981 1409 2033 et
1419 1978 1449 2033 la

374 2063 486 2120 pousse
504 2046 567 2102 ela
581 2046 695 2101 tecture
710 2050 740 2101 et
761 2045 887 2100 el’imi-
935 2053 1015 2102 note.

374 2119 472 2173 tation
492 2118 583 2189 qu'au
608 2117 695 2189 point
717 2117 753 2172 de
776 2133 835 2172 vue
852 2117 888 2173 de
971 2119 998 2173 2.
1014 2119 1221 2173 Litterarum
1236 2121 1366 2174 ductus.
1392 2119 1450 2177 Sur

374 2190 406 2245 la
420 2191 527 2257 forme,
554 2203 627 2243 sans
651 2204 683 2243 se
727 2190 888 2260 reoccuper
936 2205 984 2244 ces
997 2189 1140 2260 procedes
1155 2189 1448 2262 decalligrupbie,v.

373 2261 533 2332 beaucoup
548 2259 591 2314 du
606 2259 682 2314 fond
719 2275 750 2314 es
770 2259 886 2314 choses.
937 2260 961 2326 Ι,
978 2261 1005 2327 Ι,
1018 2260 1054 2315 25
1068 2265 1097 2315 et
1112 2261 1203 2327 suiv„
1219 2266 1353 2316 nolam:
1370 2263 1449 2318 Cum

374 2333 436 2387 Des
459 2331 663 2403 expressions,
687 2330 740 2385 des
763 2331 887 2401 figures
942 2335 1072 2399 ...jum
1087 2334 1205 2387 ductus
1220 2334 1312 2402 sequi
1340 2349 1451 2402 coepe-

374 2420 418 2458 un
433 2406 648 2473 arrangement
660 2401 826 2471 ingenieux
836 2402 888 2457 des
937 2404 994 2470 rit,
1012 2418 1077 2458 non
1096 2404 1218 2458 inutile
1241 2405 1306 2458 erit
1326 2420 1381 2460 eus
1398 2411 1451 2460 tu-

397 2475 513 2540 brases,
549 2472 633 2528 voile
661 2487 738 2555 pour
770 2472 815 2527 lui
844 2473 888 2527 les
937 2475 1448 2545 belluequmnoptimeinsculpi,

374 2492 525 2601 blements
557 2543 717 2598 essentlels
753 2543 789 2598 de
819 2543 889 2598 l'art
938 2550 976 2599 ut
986 2546 1130 2614 peritios
1154 2548 1243 2600 uelut
1258 2549 1364 2603 sulcos
1387 2551 1451 2603 du—

376 2615 511 2698 d'ecrire.
525 2616 611 2709 Npue
627 2630 759 2670 sommes
770 2615 834 2670 loin
847 2615 889 2670 du
938 2621 1035 2672 catur
1049 2619 1158 2672 stilus.

375 2686 890 2840 tsttttuttsetutddtt
938 2688 1452 2830 l,trmisrrumum

371 2832 579 2899 principium
596 2833 627 2883 et
641 2828 721 2897 fons,
744 2828 890 2900 deJepro-
937 2830 977 2884 1:
1008 2832 1140 2899 Inpenii
1170 2834 1361 2900 mapnitudo
1386 2849 1451 2888 non

375 2901 472 2958 clame
487 2916 527 2955 au
541 2900 629 2973 point
642 2900 679 2956 de
700 2915 760 2955 vus
775 2899 890 2972 speciei
937 2902 1137 2956 desideravit
1165 2904 1340 2959 indocilem
1371 2921 1452 2960 usus

375 2973 412 3028 de
425 2972 570 3027 l'orateur
580 2986 636 3043 par
648 2971 786 3036 Ciceron‚
796 2973 885 3025 Orat.
938 2973 1166 3039 disciplinam.

373 3046 420 3111 er,
436 3044 490 3098 70:
507 3045 564 3098 list
579 3045 781 3112 eloquentiae
802 3043 889 3098 sicut
973 3045 1108 3099 Rustici.
1138 3043 1185 3098 Cf.
1202 3044 1323 3100 Gonurr.
1340 3046 1394 3111 XI,
1410 3045 1426 3099 1
1443 3059 1450 3099 ε

374 3116 584 3184 reliquorum
615 3129 728 3169 rerum
758 3113 889 3183 fundu·
937 3115 1053 3169 Multis
1088 3117 1185 3184 prius
1216 3116 1452 3184 emperimentis

376 3191 523 3242 mentum
538 3186 716 3253 snpientia.
938 3187 1166 3253 inspiciendus
1208 3191 1271 3242 erit
1312 3188 1452 3257 futurus

409 3260 458 3312 Ad
480 3259 667 3324 exemplum
699 3276 731 3298 =
763 3258 890 3324 d’upres
938 3258 1070 3313 villicus
1083 3259 1139 3313 etc.

376 3327 890 3397 letype;nepasconiondrecette
973 3331 1061 3384 Ad...
1099 3331 1367 3398 praescriptum:
1409 3327 1451 3382 Le

376 3399 552 3472 expression
566 3413 638 3452 avec
649 3400 687 3452 in
703 3401 890 3466 ercemplnm
939 3399 1109 3454 substantii
1126 3403 1172 3455 est
1182 3402 1426 3468 praescriptum
1441 3414 1451 3462 ,·

375 3493 405 3518 -,-.
420 3485 506 3541 pour
522 3471 645 3524 modele
661 3470 715 3540 qui
728 3469 813 3526 vient
820 3469 890 3541 plus
938 3470 961 3524 il
976 3474 1021 3525 est
1036 3471 1171 3525 douteux
1208 3487 1244 3526 ue
1258 3472 1384 3527 Ciceron
1400 3472 1452 3524 eut

374 3539 443 3596 bas.
460 3540 507 3595 Cf.
524 3539 576 3603 Vl,
592 3541 620 3606 5,
635 3541 672 3595 2:
689 3546 727 3595 ut
741 3543 782 3594 ad
796 3544 890 3607 cuju·
938 3541 1077 3614 employe
1093 3542 1171 3597 ainsi
1185 3487 1267 3597 geux
1289 3542 1451 3615 participes

377 3612 501 3668 dicium
510 3612 684 3681 diripietur
694 3633 726 3655 =
737 3627 891 3680 pourquc
938 3613 1054 3684 pesseS,
1070 3612 1134 3667 l’un
1160 3614 1366 3669 determinant
1379 3613 1453 3668 l’au·

378 3685 406 3739 le
416 3684 492 3753 pout
502 3697 536 3738 se
546 3685 633 3752 reple
644 3699 713 3737 sur.
724 3682 769 3737 De
780 3688 890 3748 meme,
939 3688 983 3739 tre
998 3699 1035 3738 en
1050 3683 1165 3757 qualite
1179 3684 1342 3756 d'adjectii.
1360 3686 1392 3740 V.
1407 3683 1448 3739 K.

376 3757 403 3818 7,
420 3755 474 3810 13:
491 3757 535 3809 ad
552 3756 707 3810 incursus
724 3758 892 3822 tempesta·
939 3755 979 3823 ΙΙ,
996 3755 1049 3811 to'8
1065 3759 1095 3810 et
1110 3756 1188 3810 suiv.
1205 3787 1238 3795 -
1253 3757 1371 3810 Initio.
1398 3755 1448 3810 Cf.

377 3826 767 3882 tum...ratiomutunda
800 3825 891 3880 ·sui-
939 3825 1183 3898 plusbas,3,9:
1214 3827 1299 3883 hunc
1327 3841 1454 3881 morum

376 3902 458 3953 vont
479 3900 511 3952 la
533 3897 695 3952 direction
716 3899 772 3952 des
787 3901 890 3951 cents.
939 3899 1051 3952 initiis
1081 3900 1214 3966 impero,
1245 3898 1345 3953 c.-e-d.
1374 3898 1454 3953 inci·

376 3969 459 4025 Pour
481 3969 518 4023 in
543 3968 582 4023 cf.
604 3967 675 4040 plus
697 3966 753 4022 bas
777 3968 831 4022 11:
854 3969 891 4021 in
934 3968 1115 4037 pientleus.
1130 3969 1175 4025 De
1191 3972 1287 4024 meme
1304 3968 1343 4037 ΙΙ,
1359 3970 1387 4033 4,
1398 3969 1453 4023 13;

377 4042 564 4109 enemplum
595 4042 782 4104 adsumere,
800 4042 832 4092 et
852 4037 889 4092 2:
940 4042 1108 4099 Quatenus
1117 4043 1209 4096 nullo
1221 4043 1327 4109 mucis
1340 4039 1455 4095 studia

376 4114 413 4166 in
430 4113 613 4182 enemplum
629 4111 767 4164 intueri.
939 4125 1036 4179 quam
1050 4126 1104 4179 spe
1119 4114 1277 4180 pandent,
1293 4127 1372 4182 pour
1385 4115 1456 4166 stu-

411 4182 561 4237 Dubitari
593 4182 697 4251 quin:
731 4183 893 4235 construc-
939 4182 1034 4236 diost.
1067 4183 1162 4253 Sarpe
1194 4198 1353 4254 remarque
1395 4197 1455 4254 que

377 4253 441 4309 tion
451 4252 660 4309 ciceronienne
669 4267 675 4278 ·
685 4250 891 4306 ailleurschez
939 4256 1016 4307 cette
1025 4252 1215 4308 substitItiou
1229 4253 1302 4309 d’un
1313 4254 1455 4309 substan·

376 4324 480 4390 Quint.
509 4330 539 4380 et
562 4323 633 4396 ptus
657 4294 891 4394 trequemment,
941 4323 981 4378 tit
990 4329 1100 4380 neutre
1115 4325 1245 4380 abstrait
1259 4341 1299 4380 au
1313 4325 1455 4380 substan·
