3317 5159
654 381 834 444 -117-

200 529 276 594 dum
289 538 336 594 est
358 533 468 612 magis,
486 533 512 594 si
534 532 744 594 difficultatem
766 530 839 594 lacit
864 531 1011 594 doctrina.
1052 532 1121 594 Non
1144 549 1215 610 ergo

199 649 320 710 semper
333 638 477 711 putemus
491 633 642 712 optimum
656 651 723 692 esse
747 631 828 710 quod
852 631 942 692 latet:
971 630 1213 692 inmutesoamus

198 728 322 808 alioqui,
346 729 372 790 si
396 730 473 791 nihil
498 730 662 791 dicendum
676 729 828 806 videatur,
843 727 903 789 nisi
924 728 1004 808 quod
1022 749 1083 790 non
1097 729 1214 791 inveni·

198 847 280 888 mus.
322 829 484 890 Diversum
507 834 553 889 est
569 829 642 889 huic
657 847 764 889 eorum
778 829 900 907 vitium,
925 826 979 906 qui
993 827 1091 907 primo
1105 830 1212 894 decur-
1232 833 1273 896 17

199 944 267 987 rere
281 946 336 1006 per
349 926 509 988 materiam
523 926 592 987 stilo
606 945 699 1010 quam
713 925 905 987 velocissimo
918 925 1023 986 volunt
1041 931 1070 988 et
1085 945 1215 1008 sequen-

200 1031 246 1086 tes
268 1025 399 1087 calorem
423 1030 515 1104 atque
543 1026 693 1105 impetum
718 1043 756 1084 ex
781 1030 918 1104 tempore
946 1023 1105 1088 scribunt:
1134 1027 1214 1090 hanc

201 1124 354 1186 silvam
381 1130 501 1185 vocant.
543 1125 698 1203 Repetunt
720 1122 831 1184 deinde
866 1128 896 1183 et
923 1129 1109 1202 componunt
1136 1144 1215 1205 quae

201 1222 391 1284 effuderant:
408 1223 461 1282 sed
475 1222 567 1283 verba
581 1221 783 1282 emendantur
797 1226 828 1281 et
842 1219 977 1296 numeri,
1005 1227 1108 1282 manet
1121 1222 1154 1282 in
1168 1243 1216 1286 re·

200 1320 259 1380 bus
272 1324 386 1379 temere
400 1318 551 1396 congestis
564 1336 643 1396 quae
656 1317 714 1378 luit
734 1317 851 1378 levitae.
895 1316 1040 1378 Protinus
1065 1337 1137 1396 ergo
1160 1322 1211 1381 ad·
1233 1321 1274 1382 18

200 1417 306 1478 hibere
319 1436 426 1479 curam
440 1417 554 1478 rectius
568 1416 626 1476 erit
642 1421 734 1495 atque
747 1415 786 1476 ab
800 1415 888 1479 initio
903 1416 946 1477 sic
959 1436 1036 1496 opus
1048 1417 1171 1498 ducere,
1181 1427 1216 1482 ut

198 1517 390 1593 caelandum,
415 1534 477 1576 non
502 1533 541 1574 ex
565 1513 684 1592 integro
709 1513 922 1575 fabricandum
951 1515 1001 1576 sit.
1043 1516 1216 1596 Aliquando

198 1622 301 1676 tamen
325 1613 462 1676 adlectus
482 1629 658 1691 sequemur,
685 1611 717 1671 in
733 1610 846 1690 quihus
860 1612 924 1676 tere
937 1613 1006 1694 plus
1020 1613 1102 1675 calor
1124 1634 1217 1695 quarn

200 1713 358 1792 diligentia
371 1712 461 1773 valet.

239 1829 321 1890 Satis
337 1832 462 1907 apparet
475 1845 513 1887 ex
528 1843 575 1903 eo,
590 1822 672 1903 quod
687 1824 767 1885 hanc
779 1823 980 1886 scribentium
995 1827 1216 1906 neglegentiam

197 1927 321 2006 damno,
346 1925 420 2006 quid
443 1925 481 1985 de
504 1923 565 1985 illis
588 1921 724 1987 dictandi
751 1921 868 1984 deliciis
897 1923 1039 1985 sentiam.
1081 1926 1160 1988 Nam
1186 1928 1219 1989 in

197 2170 337 2246 precede.
355 2199 392 2209 -
405 2164 716 2224 Gertardetermines
797 2165 843 2222 18.
856 2167 1016 2225 Protinus
1030 2188 1064 2216 =
1083 2170 1123 2225 ue
1157 2171 1257 2226 tuitio
1269 2187 1282 2236 ‚·

197 2241 403 2318 parlacause
416 2242 525 2295 memo.
762 2252 837 2294 avec
859 2237 1026 2296 insistance
1049 2243 1081 2295 et
1105 2255 1144 2296 en
1165 2243 1226 2298 tete
1245 2241 1282 2296 de

233 2316 519 2370 Immuteecamue.
538 2307 618 2364 Rure
637 2324 716 2382 pour
761 2307 793 2364 13
806 2324 863 2383 pro
885 2309 996 2367 osition
1014 2324 1093 2384 pour
1106 2327 1236 2384 opposor
1249 2327 1283 2369 33
1306 2341 1308 2344 -

198 2388 425 2442 obmutescere.
449 2381 495 2437 De
509 2383 608 2436 meme
616 2379 714 2445 Stace,
784 2381 851 2437 rooe
874 2382 890 2437 e
914 2382 933 2436 e
955 2382 1033 2440 celui
1047 2383 1102 2455 qui
1123 2385 1170 2440 est
1184 2399 1282 2440 carac-

200 2458 288 2514 Theb.
298 2455 351 2519 vl,
361 2454 434 2510 184:
451 2453 634 2520 abruptio...
655 2454 716 2508 im·
793 2451 853 2508 riae
867 2457 974 2512 avant.

199 2528 324 2584 mutuet
338 2541 393 2582 ore
401 2524 561 2650 querelis.
579 2553 614 2562 —
631 2525 716 2579 Alio·
798 2525 883 2594 Opus
898 2527 1027 2582 ducere.
1043 2525 1125 2582 Areo
1140 2523 1170 2582 le
1185 2528 1283 2592 meme

197 2600 256 2670 qut
292 2596 374 2654 snivi
423 2593 497 2651 ela
524 2593 715 2667 proposition
763 2609 833 2650 sens
849 2609 907 2668 que
921 2595 992 2652 chez
1016 2595 1145 2664 Horace,
1172 2598 1241 2653 Sat.
1256 2596 1283 2664 1,

197 2666 447 2730 conditionnelle,
478 2666 620 2736 frequent
643 2666 715 2722 cher.
762 2666 808 2734 10,
829 2666 889 2722 41;
916 2667 1011 2723 Forte
1041 2683 1114 2736 epos
1137 2682 1215 2723 acer
1245 2671 1283 2722 ut

196 2741 301 2808 Quint.
314 2739 362 2794 Gt.
376 2737 447 2811 plus
461 2735 587 2799 113330.
763 2751 858 2793 nemo
872 2739 991 2794 Varius
1006 2739 1108 2795 ducit.
1122 2737 1283 2810 S'emploie

232 2813 277 2867 17.
294 2811 464 2866 Diversum
485 2822 559 2863 avec
581 2805 610 2862 le
634 2805 715 2862 (13111
763 2809 825 2864 tres
841 2811 972 2865 souvent
987 2824 1066 2894 pour
1087 2809 1284 2865 caracteriser

196 2883 274 2940 n'est
283 2880 373 2938 usual
383 2895 442 2953 qne
457 2879 535 2935 dans
549 2877 581 2932 13
593 2875 716 2962 latinite
762 2878 888 2935 l’oeuvre
915 2880 997 3006 poeti
1020 2895 1068 2946 ue,
1089 2878 1243 2936 assimilee
1265 2880 1284 2934 d

196 2948 716 3095 ἓὲἷέθυὲἕᾚί11111111
762 2951 929 3148 nequ.
946 2950 1284 3079 dirllllillle'tllt

197 3096 413 3161 1,18‚5:uu
440 3093 518 3147 huic
546 3093 716 3147 diversum
763 3107 845 3159 cere,
887 3109 916 3147 v.
938 3094 1037 3150 Trist.
1065 3092 1091 3161 1,
1106 3093 1152 3161 11,
1177 3092 1231 3163 18;
1254 3095 1285 3150 31

196 3169 278 3223 31113
290 3167 411 3220 vitiu-m
421 3178 522 3235 prope
534 3163 653 3226 majus.
667 3162 716 3248 [ln
763 3165 922 3220 deducere
953 3179 1073 3221 uersus.
1107 3165 1187 3246 Hou..
1214 3166 1282 3220 Sat.

194 3234 715 3388 rut?deterrerent
762 3233 1222 3378 tue.e..u.1ru.2u
1235 3239 1285 3362 n

197 3399 237 3439 au
260 3396 331 3437 sens
355 3379 392 3437 da
408 3383 590 3437 contremo.
612 3374 660 3431 Gt.
677 3377 714 3434 Κ.
763 3393 833 3434 sens
848 3378 890 3434 du
904 3377 1014 3434 travail
1029 3379 1066 3434 de
1080 3377 1284 3445 laetaturum,

196 3453 260 3521 um,
274 3468 300 3507 3.
762 3449 804 3506 lh.
831 3449 885 3506 240
910 3465 918 3506 :
945 3452 1079 3506 duceret
1116 3463 1198 3505 cera
1220 3448 1285 3518 for·

232 3536 334 3590 Silua.
358 3531 485 3587 Comme
504 3527 533 3582 le
561 3543 630 3600 grec
650 3518 714 3598 ὕλη,
764 3522 1004 3577 tieeteocuudri
1025 3522 1155 3576 uultum
1176 3521 1285 3576 etmu-

195 3604 235 3661 ici
248 3621 288 3661 au
304 3619 375 3660 sens
391 3603 428 3658 de
453 3600 638 3665 broutllou,·
659 3597 717 3653 fre
765 3593 884 3648 lautia·
913 3592 1015 3648 Vultu·
1044 3595 1105 3648 Eu·
1127 3590 1177 3653 VI,
1205 3589 1282 3646 847:

195 3679 292 3750 quent
313 3675 385 3730 cher.
414 3672 551 3733 ciceron,
584 3669 717 3734 maiole
763 3665 851 3719 vivos
881 3665 1002 3740 ducent
1040 3666 1079 3719 de
1118 3676 1283 3717 marmore

116 3793 120 3801 .
194 3747 266 3822 plus
287 3749 420 3803 souvent
441 3742 646 3815 accompaqne
667 3755 717 3796 en·
762 3737 885 3800 vultur,
906 3737 936 3790 et
961 3733 1066 3800 Quint.
1080 3733 1151 3818 plus
1165 3733 1233 3798 bae,
1252 3731 1282 3799 ἔ),

194 3834 263 3874 oore
277 3819 314 3874 de
324 3817 432 3889 quari.
444 3817 495 3869 Or.
510 3812 539 3876 3,
565 3812 600 3869 12
616 3828 623 3868 τ
646 3827 718 3868 om·
761 3808 803 3863 91
824 3808 939 3888 eadem
950 3820 1026 3862 cera
1041 3808 1131 3862 altae
1152 3803 1281 3875 formae

195 3892 249 3946 nis
265 3892 398 3945 ubertas
413 3891 444 3942 31
458 3885 557 3955 quusi
571 3886 658 3940 silva
670 3884 717 3937 dt·
763 3880 839 3933 duct
851 3879 966 3933 colent.

193 3963 300 4018 ceudi.
328 3959 375 4015 cf.
396 3958 490 4014 Suu'r.
522 3957 635 4011 Gram.
655 3954 715 4010 24:
767 3987 771 3994 -
798 3951 988 4018 Sequemur.
1004 3944 1047 4002 Lo
1062 3944 1155 4028 futur,
1171 3944 1224 4000 des
1240 3959 1284 4000 re-

194 4032 342 4103 13113311
356 4045 422 4085 uou
446 4026 718 4082 3133133331πεὶ(-
763 4018 1028 4076 commendatione
1067 4015 1279 4101 magistrales.

193 4119 270 4159 vam
298 4101 562 4158 observationum
599 4111 718 4154 sermo
763 4090 908 4162 frequent
924 4089 996 4146 cheu
1017 4088 1122 4155 Qumt.
1138 4088 1186 4143 Cf.
1211 4085 1283 4159 plus

194 4176 249 4231 ru'r
277 4173 412 4243 autiqui
445 4168 603 4241 (Probus).
633 4170 719 4224 Com·
762 4161 989 4245 113331Ιρ83(
1002 4159 1033 4214 13
1046 4163 1131 4214 note.
1246 4229 1252 4241 Ι

188 4249 330 4316 pouuut.
363 4240 505 4300 S’entend
531 4239 568 4294 de
592 4238 719 4295 l'arran·
798 4235 930 4288 Deucuc
947 4247 954 4288 :
971 4234 1010 4287 de
1027 4229 1284 4300 (3339331333-

195 4319 318 4389 gement
329 4309 409 4372 de'le
429 4312 550 4385 phrase.
566 4308 655 4379 (11.1,
671 4311 716 4374 44,
765 4309 815 4360 ter
829 4305 890 4374 qui
905 4307 954 4359 ert
966 4305 998 4387 ⁸²⁸.
1010 4302 1078 4373 fort
1093 4317 1133 4385 eu
1148 4300 1281 4371 fureur,

193 4389 230 4452 66
243 4387 331 4444 3179.
764 4392 804 4432 au
826 4375 887 4432 lieu
910 4374 1033 4430 d'ecnre
1056 4371 1221 4428 sor-meme
1234 4383 1283 4429 eea
