3317 5159
839 329 1000 395 ..56-

394 481 433 541 80
452 480 687 557 Demetrium,
703 498 891 559 quamquam
905 479 932 540 is
952 471 1070 559 primus
1089 479 1252 544 inclinasse
1262 476 1469 558 eloquentiam

453 578 574 655 dicitur,
590 578 723 641 multum
737 578 853 654 ingenii
867 578 1011 642 habuisse
1025 582 1055 639 et
1070 578 1229 640 facundiae
1244 579 1349 653 fateor,
1367 578 1414 638 vel
1430 579 1469 643 oh

454 677 512 739 hoc
527 676 673 737 memoria
684 675 824 754 dignum,
840 677 920 756 quod
934 676 1062 737 ultimus
1076 682 1123 737 est
1136 677 1200 738 fere
1220 659 1264 736 ex⁵
1280 675 1401 751 Atticis,
1417 675 1471 754 qui

453 776 513 839 dici
527 776 621 855 possit
636 780 747 852 orator,
762 794 856 854 quem
870 781 972 837 tamen
987 776 1020 835 in
1043 775 1094 837 illo
1110 775 1210 835 medio
1223 794 1335 852 genere
1350 774 1470 839 dicendi

454 876 585 955 praefert
600 874 744 946 omnihus
759 874 875 937 Cicero.
1469 874 1473 878 ’

393 973 430 1035 81
494 973 762 1052 Philosophorum,
791 991 828 1033 ex
857 974 968 1053 quibus
997 972 1166 1056 plurimum
1194 992 1227 1034 se
1255 972 1384 1036 traxisse
1404 971 1470 1033 elo-

453 1071 595 1151 quentiae
621 1071 663 1133 M.
691 1070 810 1135 Tullius
838 1075 1010 1149 confitetur,
1026 1074 1096 1151 quis
1109 1073 1228 1133 dubitet
1251 1071 1471 1133 Platonem

457 1189 523 1231 esse
543 1170 750 1250 ‘praecipuum
778 1170 842 1232 sive
867 1172 1010 1235 acumine
1033 1172 1202 1235 disserendi
1227 1172 1290 1233 sive
1310 1170 1471 1249 eloquendi

454 1269 597 1331 facultate
625 1268 726 1329 divina
755 1270 888 1349 quadam
918 1276 947 1331 et
983 1270 1182 1332 Homerica?
1226 1270 1359 1333 Multum
1388 1268 1471 1330 enim

430 1420 476 1475 86.
503 1423 719 1478 Demetrium.
753 1422 801 1479 df.
837 1422 908 1507 plns
961 1425 1050 1481 odron
1074 1422 1245 1497 l'appelle:
1282 1424 1471 1490 disputator

397 1490 484 1557 haut,
498 1492 534 1547 33
548 1495 578 1547 et
594 1492 625 1547 la
647 1496 726 1548 note.
749 1494 815 1551 cito
836 1495 909 1550 tciri
961 1496 1103 1563 subtilis,
1133 1500 1245 1551 orator
1268 1508 1394 1563 parum
1421 1507 1471 1546 ve-

397 1562 742 1620 lasuitcdosoratenrs
764 1566 907 1638 altiquos
962 1569 1112 1633 hemens,
1147 1568 1254 1621 dulcis
1294 1571 1405 1619 tamen
1435 1567 1473 1616 ut

398 1650 436 1691 on
450 1635 595 1690 souvenir
609 1635 651 1690 du
665 1639 802 1704 Brutus,
813 1638 841 1705 9,
852 1638 887 1693 37
900 1653 907 1693 ;
964 1635 1171 1707 Theophrasti
1186 1639 1390 1705 discipulum
1401 1650 1473 1703 pos·

396 1706 613 1762 Phalereus...
627 1710 783 1763 successit
795 1709 848 1765 his
857 1725 910 1765 se·
961 1712 1008 1767 sis
1020 1724 1204 1780 apnoscere.

397 1778 493 1833 nibus
508 1780 713 1846 adulescens,
730 1780 786 1835 clo.
995 1783 1041 1838 81.
1059 1781 1341 1849 Philosophorum.
1367 1777 1472 1846 Denys

432 1850 627 1906 Inclinasse.
661 1852 706 1906 lb.
742 1851 810 1908 38:
850 1851 908 1907 Hic
962 1869 999 1909 on
1027 1853 1072 1908 dit
1099 1852 1247 1925 quelques
1266 1849 1424 1919 mols(4);
1449 1846 1473 1901 il

356 1940 357 1945 ¹
392 1922 526 1989 primus
556 1923 690 1991 infleait
725 1924 909 1979 orationem
962 1924 1174 1981 recommends
1207 1922 1238 1978 la
1269 1922 1383 1977 lecturo
1420 1918 1473 1974 des

397 1996 429 2047 et
448 2008 521 2047 eam
545 1995 675 2049 mollem
698 1999 909 2065 teneramque
961 1994 1275 2068 Pythagoricorum
1288 1990 1470 2065 Xenophon,

398 2065 558 2119 reddidit.
963 2068 999 2123 do
1033 2067 1163 2135 Platon,
1188 2066 1351 2122 d'An'stotc
1382 2062 1472 2118 etde

439 2136 613 2191 Ultimus...
641 2152 682 2192 em
704 2138 831 2193 Atticis.
863 2138 909 2192 Io.
963 2138 1180 2211 sesdisciples.

396 2206 443 2273 82,
468 2206 541 2262 285:
563 2208 745 2264 Phalereus
767 2210 824 2263 ille
849 2211 912 2263 De·
998 2212 1202 2283 Confitetur5
1229 2211 1317 2263 Orat.
1350 2206 1379 2271 3,
1413 2204 1471 2259 12:

399 2279 540 2333 metrias
586 2282 734 2335 Atticene
784 2280 911 2334 disserit
963 2283 1082 2337 Fateor
1096 2284 1327 2345 mearatorem,
1339 2279 1368 2333 si
1380 2277 1472 2331 modo

399 2349 563 2420 (quaero),
599 2351 682 2405 mihi
709 2350 842 2423 quidem
871 2366 912 2405 eie
963 2354 1027 2409 sim
1061 2358 1123 2408 aut
1156 2352 1258 2408 etiam
1285 2350 1472 2420 quicunque

399 2420 493 2475 illius
523 2424 729 2478 orationibus
768 2424 911 2480 redolere
963 2426 1039 2491 sim,
1056 2440 1121 2481 non
1144 2439 1185 2479 eoo
1208 2423 1378 2477 rhetorum
1398 2418 1475 2489 offi-

400 2491 490 2559 ipsae
503 2493 648 2549 Athenae
662 2495 827 2549 videntur.
964 2496 1041 2552 cina
1054 2498 1110 2551 secl
1126 2511 1166 2550 ea
1185 2494 1381 2550 Academiae
1396 2504 1474 2558 spa-

436 2565 542 2619 Medio
557 2580 684 2633 penere.
701 2565 748 2622 cf.
770 2566 806 2621 52
828 2566 858 2620 et
876 2565 912 2621 44
966 2569 1022 2623 tiis
1036 2566 1242 2623 extitissent.
1254 2564 1369 2620 dedio.
1384 2561 1474 2626 11,οή

399 2649 474 2692 avec
489 2633 519 2689 la
534 2640 615 2691 note.
638 2636 665 2692 ll
686 2640 733 2692 ost
753 2653 796 2691 un
816 2637 912 2709 repro
963 2638 987 2694 il
1000 2656 1040 2694 va
1052 2638 1175 2710 jusqu'd
1190 2639 1298 2692 mettre
1309 2651 1357 2690 ses
1368 2632 1475 2688 trallis

399 2709 524 2761 sentent
538 2706 580 2762 du
592 2706 671 2779 style
686 2708 774 2763 sscuri
789 2712 819 2763 el
839 2711 912 2763 tcm—
964 2711 1111 2766 oratoires
1131 2726 1170 2764 au
1193 2724 1270 2779 rang
1291 2707 1345 2761 dos
1359 2718 1475 2761 ouvra-

398 2777 481 2850 pdri.
509 2778 559 2833 Cf.
579 2778 643 2835 Cio.
663 2782 756 2834 Brut.
775 2780 823 2847 82,
838 2779 910 2836 285:
965 2798 1017 2853 ges
1032 2781 1069 2837 de
1084 2780 1292 2854 philosophie:
1305 2780 1474 2845 Quumque
1591 2836 1597 2845 .

457 2850 643 2918 floridior...
668 2866 769 2921 quam
802 2854 913 2919 Hype-
964 2853 1154 2909 Aristoteles
1195 2853 1337 2920 itemque
1377 2847 1488 2901 Theo-⁴

399 2922 613 2991 rides,qnam
624 2923 799 2991 Lysias—
814 2924 914 2977 Prae·
960 2926 1132 2994 phrastus,
1174 2924 1369 2978 excellentes
1410 2917 1476 2999 viri

399 2992 485 3062 sert:
501 2996 579 3049 cette
592 2994 765 3065 preference
777 2996 824 3049 est
835 3009 913 3048 mar·
965 3012 1040 3052 cum
1065 2996 1250 3051 subtilitate
1274 2998 1344 3047 tum
1371 3003 1475 3070 copia,

401 3066 488 3135 queo,
519 3067 557 3119 de
587 3066 676 3122 Orat.
702 3066 742 3134 Il,
772 3064 821 3132 23,
848 3065 911 3121 95:
965 3083 1041 3123 cum
1084 3065 1293 3136 philosophia
1343 3062 1476 3116 dicendi

401 3136 553 3190 omnium
576 3138 716 3192 istorum
739 3152 812 3192 mea
837 3151 915 3191 sen·
966 3140 1068 3194 etiam
1095 3141 1270 3207 praecepta
1298 3135 1475 3213 corsicanae-⁵

403 3208 509 3261 tentia
526 3209 759 3280 politissimus.
775 3207 818 3263 Lo
840 3223 912 3279 pro·
966 3212 1048 3275 rint,
1065 3210 1172 3265 nostri
1194 3221 1319 3278 qnoque
1334 3203 1475 3261 oratorii

402 3293 475 3332 nom
498 3294 563 3333 com
588 3279 661 3334 rend
682 3283 750 3334 tons
772 3279 817 3335 los
839 3279 926 3334 alti-'
968 3282 1045 3336 libri
1070 3282 1106 3335 in
1125 3282 1276 3335 eanedem
1300 3288 1475 3331 numerum

402 3365 478 3431 ques
490 3295 676 3421 postll‘ieurs
699 3352 717 3405 i
740 3350 770 3405 la
785 3346 915 3422 goneri-
965 3353 1136 3422 referendi
1152 3353 1318 3406 uidentur.

402 3423 468 3474 tron
501 3420 538 3475 de
570 3421 798 3488 Demosthene,
832 3421 914 3477 alors
1002 3426 1185 3479 Platonem.
1200 3420 1327 3477 telam.
1344 3417 1477 3474 u.P1ua-

403 3506 481 3563 quc:
503 3493 574 3547 alia
597 3496 762 3563 quaedam
782 3494 914 3549 dicundi
968 3512 1042 3560 nou,
1057 3495 1149 3551 street
1159 3493 1241 3549 suiv.

404 3564 559 3619 molliora
584 3578 623 3620 ac
645 3566 838 3635 remissiora
866 3580 915 3634 pe·
1005 3561 1403 3637 Sinerepete‚sansve1·bo
1429 3575 1478 3614 ex-

405 3648 487 3688 nera
517 3636 705 3704 viquerunt.
739 3636 784 3691 Do
816 3640 916 3691 mimo
968 3638 1078 3710 prime,
1094 3645 1140 3693 est
1151 3651 1281 3709 presque
1294 3632 1422 3700 inusiti3
1438 3645 1478 3685 on

403 3704 481 3760 dans
503 3704 612 3763 l’Orat.
636 3707 683 3771 27,
698 3708 744 3773 92,
771 3710 801 3763 et
825 3706 916 3763 d'uno
969 3716 1078 3765 trouve
1107 3712 1238 3765 souvent
1263 3708 1349 3771 sioe,
1382 3706 1479 3758 meme

404 3777 494 3844 tason
505 3776 575 3861 plus
586 3778 728 3851 explicite
741 3794 747 3834 :
801 3779 839 3833 in
849 3794 916 3849 qua
969 3797 1043 3836 sans
1057 3781 1159 3848 verbe,
1171 3778 1311 3852 employa
1326 3773 1392 3850 seul
1403 3788 1481 3847 pour·

405 3849 583 3919 (suavitate
609 3851 784 3920 orationis)
816 3851 916 3906 multi
969 3857 1030 3907 aut
1056 3851 1133 3907 dans
1157 3851 1185 3907 le
1209 3847 1319 3905 second
1345 3845 1480 3901 mamhra

403 3922 593 3990 floruerunt
631 3925 723 3991 apud
757 3924 915 3985 Graecos,
969 3915 1479 3995 d'unedisj0notion.v.K.955,7,8.

403 3994 529 4047 sedPh.
543 3996 578 4047 D.
594 3995 797 4061 meoiudicio
803 4008 917 4063 praes·
1006 3996 1207 4050 Homerica:
1236 4004 1408 4118 spnonymo
1444 3986 1481 4069 do

406 4064 477 4118 titit
508 4065 646 4131 ceteris,·
681 4068 777 4132 cay’us
810 4066 917 4120 oratio
965 4067 1142 4136 perfecta,·
1166 4065 1205 4120 cf.
1231 4079 1302 4137 pus
1325 4061 1403 4116 haut
1425 4058 1480 4141 do:
1583 4088 1586 4091 ⁴

393 4148 480 4191 ¹cum
511 4138 621 4190 sedate
644 4137 839 4207 placideque
871 4139 918 4191 lo·
969 4130 1481 4206 Homerum...qnemutrlchrl-

405 4208 534 4277 quitur,
552 4212 622 4261 lum
644 4208 820 4265 illustrant
844 4222 917 4262 eam
972 4211 1022 4263 len
1056 4224 1182 4278 semper
1204 4206 1311 4275 excipi
1333 4218 1400 4273 par
1423 4205 1480 4257 est.

405 4278 918 4349 quasistellaequaedamtrans-
970 4284 1001 4335 et
1025 4280 1079 4336 86:
1107 4280 1221 4334 atilli
1246 4282 1390 4333 naturae
1414 4286 1482 4329 cae-

409 4350 479 4405 lata
492 4350 589 4407 uerba
602 4354 638 4406 at
661 4366 700 4405 ue
726 4350 916 4407 immutata.
972 4352 1046 4407 testi
1060 4355 1158 4422 atque
1174 4348 1358 4406 immortali
1378 4359 1481 4403 cesse·

406 4420 493 4477 Dans
507 4420 536 4478 lo
552 4423 590 4478 de
605 4367 694 4497 Ollio.
718 4421 743 4490 Ι,
769 4422 797 4487 1,
818 4420 847 4493 3,
866 4421 919 4480 Gi·
971 4424 1092 4481 rimus.
1372 4441 1373 4444 ’
