3317 5159
224 1423 230 1430 ’
339 1412 365 1467 11
380 1416 461 1468 16616
470 1412 633 1495 populaire
651 1412 722 1466 chez
732 1412 776 1468 les
794 1414 852 1468 Ro·
899 1417 986 1468 notre
1001 1413 1123 1484 langue,
1154 1414 1231 1469 mais

803 336 964 400 -66-
1069 353 1074 363 ’

401 506 549 584 quosdam
563 504 605 565 ita
619 504 735 565 deditos
750 505 808 566 sibi
821 505 1030 566 adhuc-habel
1043 511 1204 584 616616166,
1222 513 1256 566 61
1269 527 1341 568 eum
1355 475 1416 569 non

400 605 539 683 ejusdem
560 604 649 664 modo
671 604 972 683 6666666616111166,
990 605 1042 664 sed
1059 605 1201 665 omnibus
1217 607 1312 684 poetis
1327 627 1413 686 prae·

397 705 477 763 ferre
500 722 562 763 non
585 704 735 763 dubitent.
779 705 842 781 Ego
858 710 1008 783 quantum
1023 704 1061 764 ab
1076 705 1148 782 11116,
1164 710 1285 766 tantum
1301 706 1339 766 ab
1355 708 1417 766 Ho-

337 801 378 861 94
398 802 474 861 ratio
487 801 644 878 dissentio,
671 802 724 879 qui
748 802 900 862 Lucilium
928 802 1072 862 fluere
1100 803 1363 863 lutulentum
1387 809 1415 863 et

397 913 492 955 esse
512 895 693 973 aliquid,
721 894 830 973 quod
856 895 1018 956 tollere
1040 897 1193 975 possis,
1215 902 1311 975 putat.
1337 898 1415 959 Nam

397 994 527 1053 eruditio
540 994 573 1053 in
588 1013 623 1053 eo
637 993 715 1053 mira
724 997 755 1052 et
764 993 888 1054 libertas
901 998 992 1071 61666
1006 993 1077 1053 inde
1092 993 1240 1054 acerbitas
1255 1001 1285 1054 61
1294 995 1415 1055 abunde

398 1091 481 1152 salis.
525 1092 658 1152 Multum
681 1111 716 1151 66
736 1097 783 1151 661
796 1093 905 1152 tersior
917 1111 952 1152 ac
967 1110 1063 1170 purus
1078 1079 1175 1165 magis
1203 1093 1415 1153 Horatius

397 1197 438 1268 61,
465 1190 524 1250 6161
552 1190 635 1252 labor
657 1189 724 1268 ejus
744 1209 858 1266 amore,
884 1191 1077 1269 praecipuus.
1121 1191 1254 1250 Multum
1281 1197 1314 1259 61Ι
1325 1210 1415 1251 verae

340 1357 405 1397 mes
424 1341 590 1412 1661116666
617 1341 679 1396 tres
705 1341 850 1396 diverses.
876 1404 879 1410 ,
898 1341 975 1397 latin
1002 1340 1029 1396 le
1056 1341 1212 1414 66666611
1227 1343 1321 1468 apris
1337 1343 1414 1469 darlrs

1268 1430 1371 1485 esrgne
1396 1431 1414 1468 6

340 1485 441 1539 mains
465 1483 611 1555 6666666
633 1483 732 1538 (166116
760 1484 796 1539 de
821 1483 853 1538 la
900 1485 1017 1539 culture
1042 1484 1078 1539 de
1101 1484 1218 1557 l'eeprit
1245 1487 1275 1539 61
1299 1501 1332 1540 66
1348 1486 1412 1540 die·
1512 1523 1515 1528 -

338 1555 458 1610 16116116
466 1555 513 1620 (V.
523 1555 594 1610 Juv.
604 1553 629 1620 I,
640 1555 693 1610 165
703 1559 733 1611 61
746 1555 850 1625 suiv-l,
900 1556 1028 1611 tinction
1056 1555 1157 1629 616161
1171 1555 1282 1627 qu'une
1297 1557 1414 1618 science

338 1626 504 1693 1161666661
516 1643 556 1680 66
567 1625 638 1698 6166
654 1625 733 1680 beau
752 1633 852 1698 temps
900 1627 1038 1682 itendue.

337 1696 852 1764 1666616666166116166666111166
935 1701 1093 1754 Libertas.
1110 1699 1166 1753 ef.
1193 1699 1273 1755 Hoe.
1300 1700 1369 1753 Sat.
1387 1698 1412 1764 1,

339 1767 722 1840 666661161611661166
744 1769 873 1824 6611166·
897 1770 925 1832 4,
954 1770 989 1824 5:
1022 1772 1129 1824 ncnlta
1157 1785 1231 1825 cnni
1264 1771 1413 1825 libertate

337 1842 354 1894 1
370 1845 399 1894 61
412 1840 447 1895 10
462 1840 502 1894 du
525 1839 656 1912 premier
670 1838 747 1894 livre
760 1840 851 1895 d'Ho-
899 1840 1412 1897 66166661--1166161166,61616.

338 1926 416 1976 1666,
437 1908 551 1983 661166
570 1927 609 1983 66
632 1911 795 1966 1661611666
814 1911 851 1966 66
898 1915 992 1966 Brnt.
1020 1913 1065 1978 17,
1091 1912 1136 1978 66,
1165 1927 1203 1968 66
1229 1911 1354 1984 6611661
1378 1912 1414 1966 de

337 1983 441 2047 Quint.
457 1985 487 2037 61
501 1986 578 2038 66116
590 1927 701 2053 pbrase
720 1983 761 2037 du
782 1983 851 2036 Din—
898 1983 1025 2038 Calon:
1057 1985 1171 2043 Quis...
1203 1985 1350 2039 acerbior
1377 1985 1414 2038 in

339 2057 428 2123 16666
438 2057 489 2107 des
504 2070 557 2108 or:
571 2053 652 2107 vobis
667 2052 777 2124 ntique
787 2070 851 2108 oer—
899 2055 1126 2123 vituperando.
1153 2055 1239 2110 Cette
1267 2055 1370 2126 661616
1385 2058 1415 2109 61

336 2129 454 2180 contar
468 2125 662 2180 6616666166
677 2125 732 2195 661
751 2125 851 2180 Luci·
899 2141 931 2181 ce
965 2125 1010 2180 sel
1042 2129 1112 2180 sont
1145 2124 1175 2180 16
1208 2127 1414 2197 consequence

340 2199 423 2251 linnc
445 2212 506 2267 pro
527 2197 663 2251 Horatio
685 2200 711 2249 61
729 2198 850 2255 Lucre-
900 2196 1430 2269 (166161661611666616666666166·

337 2268 420 2322 tinne
454 2283 517 2336 pro
566 2265 702 2335 verpilio
741 2269 851 2337 166661
933 2271 1413 2340 116116666661...6161161661

338 2338 404 2410 (23).
559 2398 563 2405 ,
898 2355 994 2395 verne
1014 2340 1149 2409 plorine.
1177 2338 1362 2410 Negligenco
1375 2339 1413 2394 de

372 2412 541 2466 Amatores.
562 2410 603 2465 Ge
618 2413 689 2465 sont
702 2409 748 2464 166
762 2411 850 2464 nnti—
899 2410 1414 2482 61616666611166666166116606161

336 2479 662 2553 666111(8661.Α66.
678 2481 724 2546 861
746 2483 850 2536 666116
898 2498 1015 2537 comme
1038 2481 1155 2537 Bonnel
1181 2482 1307 2544 (Introd.
1327 2481 1372 2549 13,
1386 2482 1432 2544 t)¹

335 2552 469 2622 16666616
484 2553 604 2608 Horace
618 2557 687 2624 6611
698 2568 850 2623 anguerre
899 2570 917 2608 6
940 2569 979 2608 66
1004 2554 1107 2608 161666
1129 2553 1165 2607 de
1184 2552 1412 2624 161616616661.

336 2624 543 2696 (16661661116
562 2625 581 2678 a
599 2624 737 2694 Auguste
759 2624 806 2696 (24
820 2626 850 2678 et
934 2626 1009 2679 Nisi
1026 2627 1156 2680 laboret
1171 2640 1233 2678 666
1249 2639 1322 2696 666;
1348 2639 1413 2680 666

336 2699 851 2832 mitilenem.anamm-
899 2695 1414 2838 talamabirunain

338 2855 406 2896 rece
420 2839 457 2894 de
471 2838 616 2894 memoire
624 2854 634 2907 3
653 2836 675 2892 il
691 2837 743 2907 n’y
759 2853 778 2892 6
794 2853 850 2908 666
899 2842 970 2893 6661
985 2838 1037 2894 des
1048 2838 1237 2893 restrictione
1248 2837 1341 2893 surla
1351 2853 1413 2892 mo-

336 2908 851 2981 61166161(166616611661661166
900 2909 987 2964 161116
1011 2909 1047 2964 de
1072 2909 1221 2964 certaincs
1236 2925 1355 2965 oeuvres
1369 2908 1414 2980 ly-

336 2984 373 3039 de
385 2982 486 3054 666616
497 2981 556 3052 ily
576 2997 595 3035 a
616 2982 807 3035 6611661861.
824 2980 849 3045 I,
899 2981 1001 3053 riques
1023 2980 1172 3036 d’Horace
1195 2980 1230 3050 (I,
1256 2981 1284 3048 8,
1308 2981 1347 3050 6),
1368 2983 1414 3034 661

335 3057 432 3121 1,“11;
449 3069 524 3110 rnna
538 3054 649 3122 1166161
670 3052 851 3106 1616166166
900 3052 1139 3107 unadmirateur
1149 3053 1273 3114 sincere,
1286 3051 1412 3107 6611166-

336 3129 399 3182 661
413 3127 498 3196 qnod
513 3125 617 3178 tollere
637 3125 742 3178 661166.
900 3123 992 3178 616616
1008 3123 1045 3178 de
1061 3139 1116 3191 son
1132 3123 1238 3178 161661.
1268 3123 1314 3178 ef.
1330 3122 1413 3178 infra

378 3194 852 3266 1611666116616616666616666-
898 3195 943 3248 96.
967 3194 1025 3249 Sur
1043 3193 1220 3249 1616116616
1237 3194 1303 3249 6161
1324 3195 1413 3248 labor

339 3272 397 3324 cire
416 3283 503 3338 pour
521 3269 588 3320 c'en
612 3267 728 3329 ceroir,
752 3263 849 3319 mais:
900 3266 930 3320 61
936 3309 941 3322 .
956 3265 1012 3332 ‚v1,
1026 3267 1055 3332 3,
1070 3266 1098 3331 3,
1115 3266 1134 3319 6
1148 3281 1260 3338 propos
1274 3265 1311 3320 de
1325 3265 1414 3320 Cice-

339 3335 762 3395 eteroomtnencanvaiatll.
772 3335 850 3403 Ι,10,
900 3351 978 3392 ron:
1006 3339 1073 3392 6166
1100 3351 1211 3391 encore
1239 3337 1413 3392 immodico

337 3412 372 3467 51
388 3413 427 3466 ou
443 3411 571 3470 Horace,
586 3407 788 3479 161616161661
806 3408 852 3460 ln·
897 3409 1069 3476 praecipui
1093 3409 1129 3462 in
1145 3410 1332 3477 eloquentia
1347 3409 1413 3460 viri

340 3485 499 3546 16166166,
523 3479 568 3533 dit
590 3479 632 3532 du
647 3482 746 3532 meme
767 3477 852 3532 Luci·
902 3481 1000 3545 labor,
1027 3482 1057 3534 61
1080 3478 1144 3534 Cre.
1165 3482 1258 3533 Brnt.
1275 3479 1320 3542 66,
1335 3479 1410 3534 att:

339 3553 413 3608 lius:
424 3552 694 3622 serentemplnrn
706 3551 852 3604 16116666
887 3552 1075 3608 ,ambitione
1093 3552 1168 3605 labi.

340 3622 579 3694 relinquendis,
589 3621 729 3675 different
744 3620 781 3674 de
793 3623 853 3674 Art
936 3623 1149 3692 Praecipuus.
1161 3620 1280 3693 L’e'loge
1289 3620 1412 3692 6616166

335 3699 424 3765 poet.
455 3694 528 3750 308:
554 3692 616 3748 Hoc
646 3692 704 3746 tibi
726 3693 852 3746 dictnnc
900 3693 1032 3766 complet
1060 3692 1134 3764 qu’il
1161 3709 1199 3748 ne
1228 3692 1343 3748 semble
1373 3708 1412 3746 66

343 3770 417 3822 16116
441 3780 573 3820 memor.
599 3763 686 3818 Ainsi
702 3762 820 3818 Horace
836 3780 854 3817 6
900 3765 1029 3836 premier
1042 3764 1146 3819 abord.
1163 3765 1205 3820 Le
1225 3779 1315 3835 genre
1336 3763 1414 3818 sati-

339 3838 441 3894 biame
469 3833 693 3892 formellement
716 3833 861 3889 Lucilius·
901 3835 996 3908 rique,
1023 3835 1130 3906 depuis
1154 3835 1182 3890 le
1207 3837 1298 3906 regne
1323 3834 1413 3890 d'Au-

341 3909 407 3966 6116
415 3908 574 3964 dissentio
588 3907 635 3960 661
647 3905 719 3960 bien
725 3905 852 3976 justitie.
901 3911 998 3977 guste,
1015 3923 1033 3960 6
1048 3907 1095 3961 616
1112 3923 1154 3960 66
1168 3906 1221 3962 des
1237 3906 1308 3979 plus
1325 3905 1413 3961 culli-

340 3981 389 4036 Ct.
410 3978 574 4045 d'ailleurs,
597 3992 675 4049 pour
697 3976 742 4031 les
756 3975 854 4030 inter-
900 3979 953 4032 ves
969 3977 1039 4032 chen
1054 3977 1099 4033 les
1115 3977 1222 4033 Latins
1236 3994 1244 4046 ;
1262 3979 1291 4033 61
1306 3977 1412 4042 Quint.

340 4053 510 4123 6161611666
525 4049 661 4104 diverses
671 4047 712 4103 du
724 4063 853 4120 passage
900 4063 937 4104 en
958 4051 1088 4103 vantant
1107 4050 1225 4105 Horace
1247 4064 1363 4104 comme
1385 4047 1413 4103 16

341 4123 499 4185 d'Horace,
521 4120 658 4176 l'idition
682 4118 719 4173 de
741 4118 852 4174 Schbtz
899 4119 970 4244 plus
994 4119 1138 4187 eminent,
1161 4120 1324 4193 pensaita
1353 4135 1413 4174 une

342 4195 396 4267 qui
409 4191 574 4276 6611161666
595 4205 713 4246 6616166
727 4205 816 4245 6666.
914 4190 983 4246 6616
1008 4190 1234 4274 (1666166661
1259 4195 1329 4247 sont
1350 4206 1413 4262 per-

377 4268 549 4328 Ernolctio;
569 4262 607 4318 cf.
624 4262 647 4327 1,
663 4261 691 4327 6,
705 4260 725 4317 8
739 4264 778 4316 od
789 4261 854 4316 Lu-
893 4262 1194 4332 ,1166666666161166

341 4336 429 4392 611166
450 4339 497 4392 661
518 4351 536 4388 6
559 4333 625 4405 6616
639 4333 855 4388 1616661661·
934 4337 1074 4389 11166166
1089 4334 1218 4405 6161166.
1234 4333 1414 4389 (11616611

322 4442 325 4447 -
343 4409 502 4466 ticcirnns.
553 4421 569 4460 6
592 4407 657 4459 mot
682 4403 732 4458 n’a
744 4419 801 4476 pas
815 4420 854 4460 en
898 4402 981 4474 sani.
996 4405 1048 4475 IV,
1063 4406 1091 4474 6,
1106 4407 1141 4462 1;
1157 4408 1283 4462 clarntn
1303 4405 1413 4460 virum
