3317 5159
687 329 867 395 -107-

239 491 299 552 lius
313 491 414 552 dixit?
429 489 506 552 Mihi
520 490 644 570 quidem
659 491 732 552 setis
755 495 847 570 esset·
863 489 889 550 si
905 487 1006 550 omnia
1029 485 1173 567 consequi
1188 505 1257 566 pos-

241 608 317 650 sem.
334 589 414 662 Quid
428 595 532 649 tamen
549 595 671 650 noceret
689 591 751 650 vim
765 589 913 666 Caesaris,
932 586 1126 666 asperitatem
1150 584 1254 662 Caelii,

240 689 428 766 diligentiam
442 687 599 763 Pollionis,
606 688 759 766 judicium
773 688 856 749 Calvi
870 685 1055 766 quibusdam
1070 686 1102 745 in
1116 683 1189 744 locis
1204 682 1256 764 ad-

241 786 389 849 sumere?
403 789 481 848 Nam
496 792 615 866 praeter
629 788 660 847 id
674 787 755 865 quod
774 787 933 866 prudentis
957 790 1014 862 est,
1031 783 1111 862 quod
1125 783 1158 843 in
1175 801 1252 861 quo·
1277 781 1317 844 26
1333 783 1339 794 '

239 905 298 965 que
312 887 461 964 optimum
475 890 532 958 est,-
550 886 575 944 si
590 887 694 965 possit,
716 905 809 946 suum
823 886 934 961 facere,
962 889 1028 943 tuno
1054 884 1087 942 in
1105 886 1189 941 tanta
1209 881 1253 940 rei

240 984 418 1044 difficultate
436 1004 536 1044 unum
550 985 704 1046 intuentes
725 985 776 1044 vix
790 984 893 1062 aliqua
912 1002 982 1062 pars
1003 983 1151 1060 sequitur.
1177 980 1257 1039 Ideo·

240 1104 299 1164 que
313 1105 385 1145 eum
404 1091 501 1145 toturn
521 1086 690 1163 exprimere
705 1103 798 1163 quem
818 1083 944 1162 elegeris
966 1101 1062 1161 paene
1078 1083 1117 1142 sit
1138 1079 1256 1141 homini

240 1183 464 1257 inconcessum,
480 1181 615 1260 plurium
635 1181 714 1241 hona
733 1200 882 1260 ponamus
903 1186 973 1242 ante
992 1181 1106 1256 oculos,
1123 1185 1157 1239 ut
1172 1177 1256 1238 aliud

240 1300 277 1340 ex
291 1279 348 1340 alio
376 1281 510 1357 haereat,
535 1284 565 1339 et
589 1299 648 1359 quo
671 1280 806 1359 quidque
830 1281 894 1340 loco
917 1280 1076 1340 conveniat
1101 1284 1252 1358 aptemus.

278 1378 410 1438 Imitatio
423 1383 526 1438 autem
542 1378 627 1460 (nam
641 1379 761 1457 saepius
779 1380 862 1439 idem
873 1379 984 1457 dicam)
1002 1398 1063 1438 non
1079 1379 1119 1437 sit
1135 1381 1256 1437 tantum
1277 1373 1316 1435 27
1381 1402 1383 1406 ·

238 1477 271 1537 in
284 1476 394 1537 verbis.
421 1476 496 1537 Illuc
514 1477 700 1538 intendenda
724 1497 822 1553 menS,
856 1484 1007 1559 quantum
1029 1477 1121 1537 fuerit
1138 1477 1198 1536 illis
1214 1475 1258 1534 vi-

143 1577 148 1581 ’
238 1577 280 1635 ris
294 1576 411 1636 decoris
424 1577 457 1636 in
478 1577 571 1637 rebus
591 1582 682 1655 atque
701 1578 852 1655 personiS,
881 1577 962 1655 quod
984 1577 1158 1651 consilium,
1179 1592 1257 1654 quae

237 1674 403 1752 dispositio,
419 1693 512 1752 quam
536 1675 650 1750 omnia,
667 1675 760 1735 etiam
781 1694 860 1754 quae
884 1676 1074 1736 delectationi
1095 1675 1256 1734 videantur

236 1772 316 1850 data,
332 1773 371 1832 ad
393 1773 550 1833 victoriam
574 1778 732 1852 spectent:
758 1773 832 1852 quid
856 1779 963 1852 agatur
986 1774 1151 1854 prooemio,
1176 1791 1255 1851 quae

236 1873 311 1931 ratio
335 1876 365 1930 et
375 1889 469 1949 quarn
489 1872 571 1931 varia
592 1871 749 1948 narrandi,
772 1891 851 1952 quae
872 1874 917 1933 vis
934 1874 1081 1952 probandi
1105 1892 1140 1933 ac
1155 1871 1248 1931 refel-

235 1970 328 2046 lendi,
345 1974 459 2046 quanta
472 1969 504 2029 in
518 1969 687 2029 adfectibus
698 1972 797 2031 omnis
812 1973 934 2049 generis
946 1972 1103 2032 movendis
1114 1970 1252 2047 scientia,

234 2087 388 2148 quamque
410 2067 477 2128 laus
508 2067 573 2146 ipsa
604 2069 756 2147 popularis
781 2071 921 2132 utilitatis
947 2072 1044 2148 gratia
1077 2071 1252 2148 adsumpta,

236 2216 482 2272 Demosthenem
506 2220 537 2270 et
552 2216 748 2285 Ciceronem,
834 2219 879 2275 26.
896 2221 1035 2276 Praeter
1050 2222 1124 2276 iet...
1142 2223 1236 2290 quod.
1266 2219 1314 2275 (tf.

236 2290 292 2343 etc.
308 2287 362 2343 105
375 2291 405 2342 et
420 2287 500 2342 suiv.
767 2313 773 2324 ·
798 2292 826 2360 1,
840 2290 877 2347 28
890 2307 963 2348 avec
977 2291 1008 2347 la
1023 2296 1104 2347 note.

270 2357 617 2431 Noceret;l'imparfait
632 2362 662 2414 et
671 2375 748 2416 non:
836 2365 1018 2433 Sequitur:
1043 2366 1236 2433 Sequuntur
1256 2379 1315 2430 res,

236 2436 361 2499 noceat,
377 2445 466 2502 parce
481 2446 539 2502 que
559 2429 750 2502 l'hypothese
799 2450 896 2507 quum
924 2437 1032 2506 sponte
1063 2436 1203 2502 veniunt,
1227 2434 1316 2492 facile

235 2517 314 2628 pour
336 2501 439 2567 Quint.
455 2502 531 2557 n'est
553 2518 609 2584 pas
628 2502 750 2557 realisa-
798 2507 888 2572 fiunt,
902 2521 1002 2578 neque
1017 2510 1177 2578 perartem
1190 2508 1317 2564 antvim

258 2573 351 2629 le.K.
364 2571 404 2638 ΙΙ,
414 2572 468 2630 118
478 2576 595 2628 etsnrv.
612 2573 692 2627 Ponr
705 2573 750 2629 les
799 2578 991 2645 affectantur,
1020 2577 1210 2650 feliciterque
1245 2595 1317 2634 suo-

236 2644 751 2770 11111111111111111114115
799 2649 1316 2778 111111111111111111

235 2759 383 2842 strictior
394 2785 524 2852 Caluus,
544 2790 751 2842 numerosior
799 2736 850 2846 11η
865 2791 986 2862 (Wolf.)
1002 2761 1151 2848 Gt.’Pr.rN.
1176 2797 1234 2861 Ep.
1249 2793 1274 2856 I,
1287 2790 1315 2857 8,

235 2859 383 2926 Asinius,
394 2859 749 2927 splendidiorCaesar..
798 2865 851 2919 14:
880 2863 1009 2930 Sequi...
1025 2865 1144 2932 pieria,
1173 2865 1317 2920 nonad-

236 2931 386 2984 amarior
398 2931 561 2986 Caelina...
579 2931 751 2985 vehemen-
794 2935 864 3006 peti
884 2935 973 2989 dehet
1001 2936 1031 2988 et
1045 2933 1136 2991 Saue.
1151 2937 1218 2992 Cat.
1236 2935 1263 3003 3,
1278 2935 1311 2990 2:

237 3002 357 3054 tieret
408 3003 509 3056 lenior
534 3005 565 3054 et
587 3003 750 3057 ualentior
798 3008 1059 3076 haudquaquam
1089 3021 1156 3075 par
1194 3009 1313 3076 pieria,

235 3072 352 3126 Cicero.
379 3020 460 3127 {our
479 3070 617 3140 laterae,
635 3072 749 3144 qualite
798 3079 951 3147 sequitur
979 3079 1169 3148 scriptorem
1203 3084 1234 3134 et
1258 3094 1317 3135 ac-

234 3141 410 3199 dominante
421 3144 458 3198 de
473 3142 567 3199 Gesar
582 3159 698 3199 comme
713 3143 751 3199 de
799 3154 902 3205 torem
913 3163 1038 3202 rerum.

197 3237 199 3242 ·
235 3212 452 3282 Demosthene,
467 3215 506 3270 ct.
523 3214 658 3281 1,7,31;
682 3217 750 3271 vim
833 3223 1034 3277 Haereat...
1084 3223 1311 3279 conueniat...

235 3286 264 3340 C.
293 3286 443 3342 Caesaris
467 3286 641 3355 freqerunt
667 3288 749 3342 editi
798 3298 884 3360 apte.
903 3290 1131 3348 Reminiscence
1147 3293 1313 3349 d’Horace:

234 3358 273 3411 de
288 3359 445 3427 anatopia
463 3358 539 3412 libri
552 3356 566 3412 t
577 3360 607 3412 et
622 3357 691 3423 XII,
703 3358 748 3425 10,
799 3366 887 3425 Quod
903 3377 968 3416 non
975 3367 1140 3432 proposito
1156 3368 1316 3422 conducat

232 3428 286 3483 tt:
316 3430 384 3484 eim
413 3429 573 3495 Caesaris,
604 3430 750 3485 indolem
798 3441 829 3491 et
851 3437 986 3490 haereat
1007 3441 1091 3502 apte.
1120 3438 1156 3491 Α.
1179 3439 1228 3503 Ρ.,
1251 3436 1314 3492 195.

234 3500 349 3565 Caelii,
375 3501 596 3555 subtilitatem
616 3502 748 3568 Uatinii,
798 3507 841 3562 lei
870 3519 943 3562 avec
969 3507 1113 3574 haerere,
1146 3507 1246 3581 suppl.
1276 3510 1313 3563 in

233 3572 750 3639 ditipentiamPollionis...aanc·
798 3580 913 3634 animo
935 3577 1082 3647 tepentia.

238 3643 369 3696 titatem
388 3645 513 3699 Calvi...
538 3645 750 3699 acerbitatem
833 3650 881 3706 27.
908 3651 1057 3718 Saepius.
1083 3649 1110 3706 Il
1123 3650 1163 3706 l'a
1178 3651 1223 3706 dit
1237 3650 1273 3706 13
1285 3653 1315 3707 et

236 3713 340 3768 Cassii
373 3716 585 3783 reperiemus,
620 3718 675 3770 ete.
703 3715 750 3771 On
797 3722 845 3778 16,

234 3786 376 3839 trouvera
398 3802 441 3849 un
463 3802 549 3842 exem
572 3784 600 3839 le
624 3787 751 3842 curieux
832 3796 972 3850 Decorts.
1002 3793 1049 3850 Gt.
1077 3792 1102 3862 I,
1132 3793 1168 3850 27
1190 3807 1263 3848 avec
1283 3793 1315 3849 la

234 3854 271 3910 de
285 3853 470 3927 l'aaperitas
493 3858 530 3914 de
546 3802 678 3925 Raetias,
695 3857 748 3926 IV,
798 3868 881 3921 note.

233 3925 261 3993 2,
277 3926 340 3983 123.
833 3940 882 3991 Aa
896 3938 1080 3994 uictoriam.
1097 3937 1227 4007 (11.1,29
1242 3955 1315 3995 avec

268 4013 459 4077 desumere,
484 4027 522 4066 au
561 4029 631 4068 sens
666 4012 750 4068 ordi·
797 4008 829 4063 la
844 4011 934 4065 notet
949 4010 1174 4066 aduictoriam
1190 4012 1266 4067 niti.

234 4084 320 4138 naire
352 4083 388 4138 de
416 4085 603 4152 adjoindre,
623 4086 652 4139 et
687 4098 750 4139 non
834 4082 923 4136 Laus
938 4083 1122 4150 popularis,
1143 4097 1260 4140 comme
1284 4085 1312 4153 1,

237 4170 354 4210 comme
383 4154 418 4222 Ι,
447 4155 672 4212 1212uerha...
694 4158 751 4211 αα·
797 4151 851 4208 17;
881 4154 1096 4208 laudantium
1124 4156 1269 4222 etam0r;
1291 4156 1314 4212 il

234 4231 375 4294 sumpta,
403 4228 607 4295 expressions
622 4229 750 4283 detour-
798 4222 887 4294 s'agit
908 4224 944 4280 de
965 4222 997 4278 le
1019 4223 1101 4280 foule
1117 4226 1171 4297 qui
1187 4229 1312 4284 entoure

235 4300 311 4352 neec
326 4298 365 4351 de
382 4298 455 4352 leur
468 4314 543 4354 sens
553 4315 684 4368 propre.
700 4299 747 4355 uf.
796 4293 825 4349 le
855 4295 991 4351 tribunal
1014 4312 1023 4364 3
1053 4295 1128 4352 Tae.
1155 4298 1240 4352 Diei.
1270 4299 1311 4356 6:

233 4367 749 4442 plusbas‚27:utilitatieqratia
797 4367 882 4422 coire
915 4369 1077 4436 poputum
1111 4373 1141 4424 et
1165 4371 1310 4427 circum-

205 4443 209 4456 '
237 4443 423 4509 adsumpta.
610 4489 613 4492 ,
795 4437 898 4507 fundi
913 4453 1098 4495 coronam...
