3317 5159
245 756 336 832 nser‘·
361 758 374 784 “’

425 459 429 469 I
494 450 496 457 ⁴
526 444 529 470 τ
1060 440 1071 468 .“
1099 374 1183 469 ἱὲἕῗ
1217 406 1237 467 7'.

443 472 563 559 praeter
589 499 697 560 pausa,
720 498 798 559 quae
823 488 896 543 sunt
921 502 1031 562 parum
1058 447 1240 562 Ierecunda,
1269 485 1302 547 iu
1325 489 1458 550 oratione

444 578 529 639 loeus
557 584 613 639 est.
643 580 722 639 Nam
751 581 913 659 scriptores
940 582 1063 659 quidem
1090 583 1261 654 iamborum
1288 588 1458 667 veterisque

444 678 616 738 comoediae
630 678 721 737 etiam
738 678 770 738 in
786 679 845 739 illis
860 698 949 759 saepe
963 679 1137 760 laudantur,
1153 683 1205 741 sed
1222 684 1457 754 nobisnostmm

370 794 373 799 ·
446 795 522 855 opus
536 776 648 855 intueri
663 779 710 834 sat
724 782 780 836 est.
792 772 921 839 (Omnia
936 776 1037 851 verba,
1053 780 1185 857 exceptis
1200 780 1237 839 de
1257 784 1369 860 quibus
1382 762 1457 860 eixi,

385 870 405 945 ⁶3
446 852 518 933 suat
532 840 643 963 ἔῐῗξιὶῌί
656 841 790 953 ‘ep't'smar
808 880 924 969 namset
938 864 1108 954 humilibus
1131 878 1255 939 interim
1278 887 1308 940 et
1321 883 1455 961 vulgari-

443 973 502 1034 bus
511 980 563 1069 661
571 979 663 1075 opple,
675 978 703 1031 et
715 988 793 1051 quae
812 945 953 1032 nitieeore
968 974 1094 1052 inparte
1107 975 1249 1036 videntur
1263 979 1395 1058 sordida,
1403 981 1456 1042 ubi
1506 1028 1509 1031 .

309 1051 312 1061 ⁵
391 1058 393 1065 ¹
445 1086 494 1126 res
504 1062 619 1147 'p'oseitj
636 1067 757 1145 proprie
781 1067 936 1126 dicuntur.
953 1067 1080 1127 Haeeut
1096 1069 1228 1130 sciamus
1246 1078 1336 1149 atque
1349 1092 1456 1134 eorum

385 1164 425 1226 10
447 1186 507 1226 non
527 1166 777 1243 significationem
798 1166 898 1243 modo,
919 1165 971 1225 sed
993 1166 1106 1226 formas
1125 1169 1217 1228 etiam
1236 1188 1456 1261 mensurasque

387 1360 414 1413 it
429 1364 476 1415 est
487 1361 560 1413 urai
572 1360 769 1415 neanmoins
782 1361 898 1428 qu'ette
946 1361 1027 1413 dum
1045 1361 1150 1415 tooum
1158 1367 1369 1428 praesentem
1390 1380 1455 1419 non

389 1432 508 1496 eniste,
533 1446 594 1500 que
621 1435 691 1485 tout
713 1446 746 1486 ee
771 1432 828 1500 qui
859 1444 899 1484 ne
947 1435 1197 1487 totameausam
1213 1439 1454 1502 lsruuurus,et

391 1503 459 1556 t'est
467 1515 531 1570 pas
544 1506 592 1556 est
604 1498 717 1571 faibte,
734 1506 765 1556 et
781 1517 820 1556 ne
841 1516 898 1555 sn·
946 1501 1014 1558 Cm.
1035 1504 1123 1557 Orat.
1139 1503 1167 1567 2,
1188 1504 1225 1559 9:
1248 1520 1349 1574 quam
1373 1506 1456 1577 (spe-

390 1573 500 1642 tisfait
505 1575 602 1641 point
616 1589 661 1627 nn
676 1573 802 1628 homme
822 1574 899 1627 ct'es-
946 1573 1024 1627 ciem
1042 1574 1282 1646 pulchritidinis)
1305 1592 1455 1644 munuum,

383 1646 455 1713 prii
466 1646 523 1713 qui
539 1648 615 1698 veut
628 1658 661 1699 se
675 1645 764 1714 faire
780 1649 899 1698 enten·
947 1646 983 1697 in
999 1659 1136 1717 eamque
1151 1648 1291 1717 defiens.
1303 1692 1327 1703 ..

388 1718 479 1770 atre.»
498 1714 545 1770 LA
557 1715 722 1783 Beuuuum
738 1717 897 1770 ctesOnrr.
981 1718 1172 1771 Humitibus
1188 1720 1324 1773 interim
1341 1725 1372 1774 et
1387 1723 1457 1774 vut-

388 1789 426 1841 cte
451 1788 554 1855 t’espr.
570 1787 615 1854 17,
633 1786 704 1841 edit.
720 1786 894 1857 Chassaug.
945 1789 1094 1855 paribus.
1121 1787 1167 1843 Cf.
1188 1788 1268 1845 Hos.
1291 1794 1350 1845 Art
1369 1795 1455 1859 poet.

421 1859 449 1912 o.
465 1860 592 1913 Parnm
615 1860 813 1914 verecunda.
841 1857 899 1912 Les
945 1858 1027 1913 229:
1061 1859 1207 1929 Mtprtau
1236 1863 1273 1915 in
1303 1864 1456 1918 obscuras

387 1931 498 1984 termes
504 1945 562 2000 peu
570 1928 783 1996 eonvenables,
796 1928 883 1983 litote
889 1944 898 1998 3

389 2016 464 2054 ceux
487 2016 545 2072 que
570 2000 674 2065 Quint.
701 2002 726 2062 Ι,
752 2000 780 2066 2,
796 2002 823 2067 7,
842 2016 897 2074 ap-

388 2071 486 2143 pelle:
508 2073 614 2138 verea,
635 2086 675 2127 ne
696 2073 900 2127 116636ηά61-

390 2145 443 2199 nis
457 2144 590 2212 quictem
604 2145 829 2211 permittenda
849 2145 899 2198 ete-

392 2216 489 2271 tieiis.
514 2213 561 2269 Cf.
577 2213 661 2282 VIII,
674 2213 702 2282 3,
717 2214 771 2270 38:
790 2229 898 2282 666666-

391 2291 431 2352 16,
450 2286 480 2340 si
495 2286 630 2341 obscena
646 2287 899 2341 nudisnomini-

390 2359 447 2413 bus
463 2359 693 2412 enuntientur.

423 2448 602 2515 Scriptores
618 2447 814 2501 iamborum.
839 2445 899 2500 Les

385 2518 544 2588 iamhogra
567 2518 621 2573 hes
644 2533 760 2572 comme
787 2516 898 2571 Archi-

386 2589 520 2661 laqueet
573 2590 709 2662 ipponax
732 2589 795 2659 qui,
820 2587 899 2643 dans

388 2660 470 2715 leurs
482 2676 562 2726 vere,
577 2660 741 2715 hravaient
757 2659 899 2715 l’honne-

389 2732 462 2788 tete.
501 2731 637 2787 Souueut
668 2732 800 2787 associes
837 2748 899 2786 aux

388 2804 492 2929 ¹)prth
504 2802 582 2929 depo
591 2803 897 2930 poppegisppnoiEennm

389 2891 427 2929 6.
473 2890 522 2930 oa.
566 2890 612 2929 a.
743 2877 779 2930 ⁶:
825 2890 899 2929 uo-

390 2890 898 3012 116,1661116611611ἠἐονπῑτεεὲα-

388 3033 459 3073 eere
476 3022 584 3074 tantos
597 3017 610 3073 1
624 3018 671 3073 On
681 3022 755 3090 peut
764 3018 832 3073 voir
843 3034 900 3089 par

387 3089 432 3145 les
448 3090 558 3161 epodes
582 3090 731 3145 d'Horace
753 3090 806 3160 qui
829 3093 898 3144 sont

389 3177 448 3216 une
461 3162 615 3217 1161161166
631 3160 889 3217 desiambesd'Ar

390 3232 541 3305 ehiloque,
558 3233 697 3289 oombien
713 3231 757 3287 les
780 3247 898 3305 expres-

390 3304 473 3359 sions
489 3303 526 3359 de
539 3320 572 3359 66
594 3306 682 3376 poeto
704 3303 817 3359 etaient
832 3319 899 3375 par-

390 3375 448 3429 1616
459 3391 583 3443 parum
600 3378 795 3431 verecunda.

423 3447 565 3501 lnittis:
584 3448 670 3502 Pouu
694 3447 834 3513 t’emptoi
860 3447 898 3501 ote

387 3532 438 3572 ees
455 3522 584 3573 termes.
610 3517 655 3572 De
678 3520 777 3572 meme
793 3518 828 3571 V.
852 3517 897 3584 12,

945 1944 1063 1985 nuum
1098 1946 1246 1986 sermone
1285 1936 1452 1992 tabernas.

945 2000 1004 2055 Les
1033 2016 1120 2056 exem
1143 2000 1189 2057 les
1216 2002 1252 2057 de
1275 2006 1362 2059 aetio
1391 2006 1458 2062 elo-

946 2087 1062 2142 quenoe
1087 2017 1159 2127 elsa
1180 2074 1239 2129 fois
1263 2074 1413 2131 familiere
1428 2080 1457 2133 et

945 2143 1091 2199 litteraire
1111 2148 1181 2199 sont
1204 2144 1275 2217 plus
1299 2146 1457 2218 frequeuts

946 2214 1017 2269 ohez
1040 2214 1084 2270 les
1109 2216 1201 2271 Grees
1228 2232 1287 2289 que
1314 2219 1385 2275 ohez
1413 2220 1457 2275 Ios

945 2286 1063 2342 Latius.
1080 2287 1115 2342 V.
1132 2290 1324 2345 notumment
1339 2289 1383 2345 les
1398 2291 1458 2346 dis-

944 2373 1035 2413 cours
1062 2358 1099 2413 de
1125 2359 1235 2431 Lysias
1266 2364 1297 2416 61
1325 2362 1458 2417 eertaius

946 2428 1120 2500 plaidoyers
1162 2431 1198 2486 de
1235 2432 1458 2489 Demosthenes

946 2504 1056 2556 contre
1078 2503 1195 2568 Conon,
1222 2505 1278 2557 616.
1291 2520 1300 2571 3
1323 2503 1401 2559 dans
1425 2521 1458 2560 66

946 2578 1075 2646 dernier,
1086 2579 1116 2634 le
1126 2580 1200 2635 reoit
1213 2598 1219 2636 :
1232 2575 1384 2653 ἐξήλθομεν
1395 2578 1460 2645 ἔτος

945 2654 1026 2707 τουτὶ
1050 2653 1156 2727 τρίτον.
1178 2658 1192 2730 g
1204 2659 1224 2715 3
1238 2665 1268 2715 et
1282 2661 1365 2717 suiv,

981 2732 1198 2787 Nitidiore...
1228 2734 1378 2789 sordida.
1413 2733 1457 2789 De

945 2805 1044 2856 meme
1059 2802 1142 2870 VIII,
1164 2802 1192 2868 3,
1215 2803 1260 2869 49,
1285 2807 1458 2860 sordidum

946 2872 1004 2928 fait
1016 2874 1169 2928 antithese
1184 2875 1327 2930 enitidu
1340 2878 1456 2931 oratio.

945 2946 1059 3000 Nitere
1075 2950 1121 3000 est
1136 2944 1336 3031 l’expression
1348 2962 1459 3019 propre

946 3031 1024 3088 pour
1038 3016 1082 3071 les
1096 3017 1224 3072 beautes
1239 3018 1400 3074 brillantes
1415 3018 1458 3072 du

946 3087 1045 3159 style3
1061 3089 1123 3143 vid.
1140 3089 1233 3155 infre,
1248 3088 1300 3144 33:
1328 3091 1458 3145 histori-

945 3174 1014 3215 66...
1032 3162 1157 3226 nitore;
1167 3161 1221 3215 44:
1237 3163 1389 3217 nitidi...
1408 3177 1458 3230 pe-

946 3233 1050 3287 neris.
1062 3276 1086 3288 ..
1106 3236 1272 3287 amatores
1294 3233 1387 3298 6197,
1410 3234 1457 3286 ni-

947 3307 1009 3358 tor.
1021 3347 1045 3359 ..
1070 3308 1101 3358 et
1115 3317 1248 3357 summa
1263 3304 1300 3357 in
1314 3306 1457 3359 66666166-

946 3375 998 3427 dis
1009 3376 1158 3442 operibus
1169 3388 1311 3439 manus,·
1322 3375 1361 3429 61.
1374 3375 1457 3430 Hos.

945 3447 1017 3500 Art.
1032 3447 1120 3513 poet.
1139 3445 1190 3500 351
1204 3462 1210 3500 :
1225 3446 1280 3500 uei
1291 3448 1395 3515 ptura
1413 3462 1458 3501 ru-

946 3531 1029 3571 raur
1044 3518 1081 3570 in
1096 3518 1275 3573 carmine..
1293 3518 1375 3572 Pour
1393 3532 1458 3574 sor-

386 3588 900 3643 22:Jvoenes...tauctariineo-
946 3589 1038 3656 dieta,
1063 3587 1102 3642 of.
1133 3587 1244 3643 Tuam.
1275 3590 1364 3646 Diat.
1402 3592 1457 3643 des

389 3661 442 3715 nis
452 3662 578 3715 malent
588 3676 660 3715 aveo
670 3659 714 3714 les
723 3658 832 3715 verbes
846 3659 899 3729 qui
946 3660 1037 3714 Orat.
1054 3659 1103 3714 32:
1119 3657 1351 3730 (eloquentia)..
1372 3675 1458 3729 qnia-

389 3732 546 3857 {ignififnt
568 3730 701 3856 loupinge
725 3729 899 3856 outhlerlrpe
946 3732 1068 3872 pifiuna
1090 3746 1131 3855 {ar
1154 3745 1458 3858 ξοΒΒΙῑέεεηῗζῑῧΙαζ.

410 3819 467 3859 aus
502 3818 607 3857 eseus
649 3818 664 3857 6
714 3818 749 3857 ro
789 3817 824 3856 er
891 3842 899 3857 .
963 3816 1070 3856 ieras.
1113 3816 1167 3855 ene
1191 3816 1239 3860 ue.
1305 3843 1312 3856 .
1411 3820 1457 3866 ·.),

387 3874 493 3939 40113.
688 3817 771 3871 pp
827 3842 835 3869 ’
947 3888 984 3927 en
998 3871 1122 3943 parlant
1145 3817 1190 3927 dg
1205 3818 1380 3929 Faoignus:
1401 3844 1458 3929 ’Ni

423 3948 581 4001 Nostrum
596 3960 686 4015 opus.
714 3945 809 4001 Notre
838 3960 899 3999 6611-
947 3944 995 3996 au
1023 3943 1173 3999 inuenies
1200 3945 1373 3999 sordidum
1390 3964 1404 4010 ‚·
1429 3949 1459 4001 et

387 4032 442 4071 vre
479 4032 602 4089 propre,
643 4015 826 4072 l’edueation
863 4015 899 4070 de
946 4014 1050 4079 Quint.
1067 4014 1150 4082 VIII,
1161 4015 1217 4082 2,1
1233 4030 1239 4070 :
1256 4018 1297 4069 Et
1321 4018 1459 4073 obscena

386 4087 539 4143 l'orateur.
571 4090 703 4143 Intueri
736 4088 831 4155 (EdIt.
862 4086 900 4141 de
946 4087 1127 4141 vitabimus
1137 4092 1168 4141 et
1184 4102 1320 4143 soanmu
1339 4104 1379 4143 ur
1401 4105 1459 4144 Hu-

387 4158 531 4231 Cologne,
546 4158 639 4214 Halm
652 4158 742 4229 616.);
760 4160 899 4213 interim
946 4172 1049 4212 mmm.

390 4234 477 4286 tueri
492 4231 555 4304 tSp.
572 4235 602 4287 et
612 4230 656 4286 les
669 4230 751 4299 Me).
765 4231 899 4285 Intueri
981 4228 1026 4283 10.
1041 4230 1338 4301 Sipnifieutionem.
1350 4276 1374 4287 ..
1395 4232 1459 4301 for·

387 4323 418 4345 =
432 4302 518 4357 auoit
544 4318 581 4357 en
607 4318 677 4367 vue,
704 4304 750 4355 est
775 4300 814 4355 161
828 4299 900 4355 l'ex-
947 4314 1019 4353 mus
1034 4315 1290 4371 mensurasque:
1306 4304 1347 4357 Le
1368 4318 1453 4368 sens,

387 4374 526 4444 pression
538 4374 630 4445 juste,
653 4372 700 4427 Cf.
725 4372 761 4427 V.
784 4373 830 4438 13,
845 4371 879 4426 31
894 4387 901 4426 z
948 4373 981 4425 ta
995 4372 1365 4441 formeprammaticate
1379 4376 1454 4428 etta
