<?xml version="1.0" encoding="UTF-8"?>
<!DOCTYPE html PUBLIC "-//W3C//DTD XHTML 1.0 Transitional//EN"
    "http://www.w3.org/TR/xhtml1/DTD/xhtml1-transitional.dtd">
<html xmlns="http://www.w3.org/1999/xhtml" xml:lang="en" lang="en">
 <head>
  <title>
</title>
<meta http-equiv="Content-Type" content="text/html;charset=utf-8" />
  <meta name='ocr-system' content='tesseract 3.04.00' />
  <meta name='ocr-capabilities' content='ocr_page ocr_carea ocr_par ocr_line ocrx_word'/>
</head>
<body>
  <div class='ocr_page' id='page_1' title='image "./mfabiquintilian01hildgoog_0134.png"; bbox 0 0 3317 5159; ppageno 0'>
   <div class='ocr_carea' id='block_1_1' title="bbox 809 311 970 375">
    <p class='ocr_par' dir='ltr' id='par_1_1' title="bbox 809 311 970 375">
     <span class='ocr_line' id='line_1_1' title="bbox 809 311 970 375; baseline -0.006 -19"><span class='ocrx_word' id='word_1_1' title='bbox 809 311 970 375; x_wconf 73' lang='lat'>..93-</span> 
     </span>
    </p>
   </div>
   <div class='ocr_carea' id='block_1_2' title="bbox 286 460 1423 1328">
    <p class='ocr_par' dir='ltr' id='par_1_2' title="bbox 286 460 1423 1328">
     <span class='ocr_line' id='line_1_2' title="bbox 384 460 1421 539; baseline 0 -18"><span class='ocrx_word' id='word_1_2' title='bbox 384 461 417 521; x_wconf 91' lang='lat' dir='ltr'>in</span> <span class='ocrx_word' id='word_1_3' title='bbox 431 463 500 539; x_wconf 89' lang='lat' dir='ltr'>hoc,</span> <span class='ocrx_word' id='word_1_4' title='bbox 517 464 629 520; x_wconf 79' lang='lat' dir='ltr'>uttam</span> <span class='ocrx_word' id='word_1_5' title='bbox 643 460 740 519; x_wconf 90' lang='lat' dir='ltr'>multa</span> <span class='ocrx_word' id='word_1_6' title='bbox 753 465 953 536; x_wconf 79' lang='lat' dir='ltr'>generarent:</span> <span class='ocrx_word' id='word_1_7' title='bbox 971 477 1025 519; x_wconf 91' lang='lat' dir='ltr'>nos</span> <span class='ocrx_word' id='word_1_8' title='bbox 1037 460 1074 520; x_wconf 91' lang='lat' dir='ltr'>ad</span> <span class='ocrx_word' id='word_1_9' title='bbox 1088 460 1299 539; x_wconf 88' lang='lat' dir='ltr'>quaerendum</span> <span class='ocrx_word' id='word_1_10' title='bbox 1312 480 1374 520; x_wconf 93' lang='lat' dir='ltr'>non</span> <span class='ocrx_word' id='word_1_11' title='bbox 1386 479 1421 522; x_wconf 88' lang='grc' dir='ltr'>6ο</span> 
     </span>
     <span class='ocr_line' id='line_1_3' title="bbox 384 558 1421 641; baseline 0 -21"><span class='ocrx_word' id='word_1_12' title='bbox 384 561 449 638; x_wconf 89' lang='lat' dir='ltr'>ipso</span> <span class='ocrx_word' id='word_1_13' title='bbox 463 559 661 633; x_wconf 76' lang='lat' dir='ltr'>concitemur,</span> <span class='ocrx_word' id='word_1_14' title='bbox 677 558 758 636; x_wconf 93' lang='lat' dir='ltr'>quod</span> <span class='ocrx_word' id='word_1_15' title='bbox 772 563 854 618; x_wconf 86' lang='lat' dir='ltr'>certe</span> <span class='ocrx_word' id='word_1_16' title='bbox 873 558 988 619; x_wconf 87' lang='lat' dir='ltr'>scimus</span> <span class='ocrx_word' id='word_1_17' title='bbox 1007 560 1159 630; x_wconf 89' lang='lat' dir='ltr'>invenisse</span> <span class='ocrx_word' id='word_1_18' title='bbox 1180 579 1242 638; x_wconf 92' lang='lat' dir='ltr'>eos,</span> <span class='ocrx_word' id='word_1_19' title='bbox 1259 559 1311 638; x_wconf 90' lang='lat' dir='ltr'>qui</span> <span class='ocrx_word' id='word_1_20' title='bbox 1330 580 1421 641; x_wconf 88' lang='lat' dir='ltr'>quae-</span> 
     </span>
     <span class='ocr_line' id='line_1_4' title="bbox 344 655 1423 736; baseline -0.003 -18"><span class='ocrx_word' id='word_1_21' title='bbox 344 657 364 718; x_wconf 83' lang='lat'><strong>6</strong></span> <span class='ocrx_word' id='word_1_22' title='bbox 385 656 528 718; x_wconf 83' lang='lat' dir='ltr'>sierunt‘l</span> <span class='ocrx_word' id='word_1_23' title='bbox 552 658 590 717; x_wconf 85' lang='lat' dir='ltr'>Et</span> <span class='ocrx_word' id='word_1_24' title='bbox 608 676 679 717; x_wconf 90' lang='lat' dir='ltr'>cum</span> <span class='ocrx_word' id='word_1_25' title='bbox 695 655 752 734; x_wconf 90' lang='lat' dir='ltr'>illi,</span> <span class='ocrx_word' id='word_1_26' title='bbox 776 657 828 735; x_wconf 92' lang='lat' dir='ltr'>qui</span> <span class='ocrx_word' id='word_1_27' title='bbox 848 657 968 736; x_wconf 84' lang='lat' dir='ltr'>nullum</span> <span class='ocrx_word' id='word_1_28' title='bbox 989 657 1171 736; x_wconf 89' lang='lat' dir='ltr'>cujusquam</span> <span class='ocrx_word' id='word_1_29' title='bbox 1189 659 1233 717; x_wconf 90' lang='lat' dir='ltr'>rei</span> <span class='ocrx_word' id='word_1_30' title='bbox 1247 657 1423 718; x_wconf 88' lang='lat' dir='ltr'>hahuerunt</span> 
     </span>
     <span class='ocr_line' id='line_1_5' title="bbox 383 754 1423 834; baseline -0.001 -20"><span class='ocrx_word' id='word_1_31' title='bbox 383 755 575 833; x_wconf 83' lang='lat' dir='ltr'>magistrum,</span> <span class='ocrx_word' id='word_1_32' title='bbox 592 755 724 834; x_wconf 89' lang='lat' dir='ltr'>plurima</span> <span class='ocrx_word' id='word_1_33' title='bbox 737 754 769 813; x_wconf 93' lang='lat' dir='ltr'>in</span> <span class='ocrx_word' id='word_1_34' title='bbox 784 760 919 833; x_wconf 90' lang='lat' dir='ltr'>posteros</span> <span class='ocrx_word' id='word_1_35' title='bbox 934 755 1134 816; x_wconf 83' lang='lat' dir='ltr'>tradiderint:</span> <span class='ocrx_word' id='word_1_36' title='bbox 1151 754 1239 815; x_wconf 91' lang='lat' dir='ltr'>nobis</span> <span class='ocrx_word' id='word_1_37' title='bbox 1253 774 1330 816; x_wconf 91' lang='lat' dir='ltr'>usus</span> <span class='ocrx_word' id='word_1_38' title='bbox 1350 755 1423 814; x_wconf 91' lang='lat' dir='ltr'>alia·</span> 
     </span>
     <span class='ocr_line' id='line_1_6' title="bbox 382 850 1423 934; baseline -0.003 -20"><span class='ocrx_word' id='word_1_39' title='bbox 382 873 454 924; x_wconf 87' lang='lat' dir='ltr'>rum</span> <span class='ocrx_word' id='word_1_40' title='bbox 469 872 573 913; x_wconf 90' lang='lat' dir='ltr'>rerum</span> <span class='ocrx_word' id='word_1_41' title='bbox 587 854 625 914; x_wconf 92' lang='lat' dir='ltr'>ad</span> <span class='ocrx_word' id='word_1_42' title='bbox 639 850 790 913; x_wconf 88' lang='lat' dir='ltr'>eruendas</span> <span class='ocrx_word' id='word_1_43' title='bbox 805 853 879 913; x_wconf 89' lang='lat' dir='ltr'>alias</span> <span class='ocrx_word' id='word_1_44' title='bbox 893 872 955 912; x_wconf 93' lang='lat' dir='ltr'>non</span> <span class='ocrx_word' id='word_1_45' title='bbox 970 855 1113 934; x_wconf 80' lang='lat' dir='ltr'>proderit,</span> <span class='ocrx_word' id='word_1_46' title='bbox 1131 855 1182 914; x_wconf 92' lang='lat' dir='ltr'>sed</span> <span class='ocrx_word' id='word_1_47' title='bbox 1203 853 1279 914; x_wconf 93' lang='lat' dir='ltr'>nihil</span> <span class='ocrx_word' id='word_1_48' title='bbox 1298 851 1423 914; x_wconf 89' lang='lat' dir='ltr'>hahebi-</span> 
     </span>
     <span class='ocr_line' id='line_1_7' title="bbox 382 949 1422 1031; baseline -0.003 -19"><span class='ocrx_word' id='word_1_49' title='bbox 382 972 453 1012; x_wconf 90' lang='lat' dir='ltr'>mus</span> <span class='ocrx_word' id='word_1_50' title='bbox 467 952 527 1022; x_wconf 87' lang='lat' dir='ltr'>nisi</span> <span class='ocrx_word' id='word_1_51' title='bbox 542 951 680 1012; x_wconf 89' lang='lat' dir='ltr'>beneficii</span> <span class='ocrx_word' id='word_1_52' title='bbox 696 949 813 1011; x_wconf 75' lang='lat' dir='ltr'>alieni?</span> <span class='ocrx_word' id='word_1_53' title='bbox 829 951 1094 1023; x_wconf 82' lang='lat' dir='ltr'>Quemadmodum</span> <span class='ocrx_word' id='word_1_54' title='bbox 1108 952 1233 1031; x_wconf 89' lang='lat' dir='ltr'>quidam</span> <span class='ocrx_word' id='word_1_55' title='bbox 1249 951 1378 1031; x_wconf 87' lang='lat' dir='ltr'>pictores</span> <span class='ocrx_word' id='word_1_56' title='bbox 1389 951 1422 1010; x_wconf 92' lang='lat' dir='ltr'>in</span> 
     </span>
     <span class='ocr_line' id='line_1_8' title="bbox 286 1032 1422 1127; baseline -0.003 -16"><span class='ocrx_word' id='word_1_57' title='bbox 286 1032 295 1046; x_wconf 57' lang='lat'><strong>⁹</strong></span> <span class='ocrx_word' id='word_1_58' title='bbox 344 1049 361 1110; x_wconf 90' lang='lat'><strong>7</strong></span> <span class='ocrx_word' id='word_1_59' title='bbox 383 1051 414 1110; x_wconf 88' lang='lat' dir='ltr'>id</span> <span class='ocrx_word' id='word_1_60' title='bbox 430 1050 529 1110; x_wconf 90' lang='lat' dir='ltr'>solum</span> <span class='ocrx_word' id='word_1_61' title='bbox 543 1049 678 1127; x_wconf 89' lang='lat' dir='ltr'>student,</span> <span class='ocrx_word' id='word_1_62' title='bbox 700 1054 736 1108; x_wconf 94' lang='lat' dir='ltr'>ut</span> <span class='ocrx_word' id='word_1_63' title='bbox 759 1046 931 1109; x_wconf 86' lang='lat' dir='ltr'>describere</span> <span class='ocrx_word' id='word_1_64' title='bbox 954 1049 1073 1110; x_wconf 88' lang='lat' dir='ltr'>tabulas</span> <span class='ocrx_word' id='word_1_65' title='bbox 1098 1049 1251 1111; x_wconf 88' lang='lat' dir='ltr'>mensuris</span> <span class='ocrx_word' id='word_1_66' title='bbox 1274 1069 1309 1112; x_wconf 88' lang='lat' dir='ltr'>ac</span> <span class='ocrx_word' id='word_1_67' title='bbox 1332 1049 1422 1108; x_wconf 92' lang='lat' dir='ltr'>lineis</span> 
     </span>
     <span class='ocr_line' id='line_1_9' title="bbox 383 1147 1421 1229; baseline -0.004 -20"><span class='ocrx_word' id='word_1_68' title='bbox 383 1148 491 1227; x_wconf 89' lang='lat' dir='ltr'>sciant,</span> <span class='ocrx_word' id='word_1_69' title='bbox 516 1153 605 1229; x_wconf 92' lang='lat' dir='ltr'>turpe</span> <span class='ocrx_word' id='word_1_70' title='bbox 628 1149 720 1208; x_wconf 89' lang='lat' dir='ltr'>etiam</span> <span class='ocrx_word' id='word_1_71' title='bbox 743 1147 819 1207; x_wconf 93' lang='lat' dir='ltr'>illud</span> <span class='ocrx_word' id='word_1_72' title='bbox 842 1154 900 1226; x_wconf 91' lang='lat' dir='ltr'>est,</span> <span class='ocrx_word' id='word_1_73' title='bbox 925 1155 1101 1226; x_wconf 85' lang='lat' dir='ltr'>contentum</span> <span class='ocrx_word' id='word_1_74' title='bbox 1126 1167 1192 1208; x_wconf 92' lang='lat' dir='ltr'>esse</span> <span class='ocrx_word' id='word_1_75' title='bbox 1216 1147 1247 1207; x_wconf 93' lang='lat' dir='ltr'>id</span> <span class='ocrx_word' id='word_1_76' title='bbox 1275 1147 1421 1225; x_wconf 87' lang='lat' dir='ltr'>consequi</span> 
     </span>
     <span class='ocr_line' id='line_1_10' title="bbox 383 1244 1421 1328; baseline -0.003 -22"><span class='ocrx_word' id='word_1_77' title='bbox 383 1247 463 1328; x_wconf 91' lang='lat' dir='ltr'>quod</span> <span class='ocrx_word' id='word_1_78' title='bbox 477 1247 618 1307; x_wconf 91' lang='lat' dir='ltr'>imiteris.</span> <span class='ocrx_word' id='word_1_79' title='bbox 634 1244 714 1306; x_wconf 91' lang='lat' dir='ltr'>Nam</span> <span class='ocrx_word' id='word_1_80' title='bbox 728 1264 837 1305; x_wconf 90' lang='lat' dir='ltr'>rursus</span> <span class='ocrx_word' id='word_1_81' title='bbox 856 1245 929 1324; x_wconf 91' lang='lat' dir='ltr'>quid</span> <span class='ocrx_word' id='word_1_82' title='bbox 951 1251 1016 1308; x_wconf 87' lang='lat' dir='ltr'>erat</span> <span class='ocrx_word' id='word_1_83' title='bbox 1034 1248 1186 1325; x_wconf 84' lang='lat' dir='ltr'>futurum,</span> <span class='ocrx_word' id='word_1_84' title='bbox 1203 1247 1229 1307; x_wconf 93' lang='lat' dir='ltr'>si</span> <span class='ocrx_word' id='word_1_85' title='bbox 1243 1265 1333 1306; x_wconf 92' lang='lat' dir='ltr'>nemo</span> <span class='ocrx_word' id='word_1_86' title='bbox 1351 1244 1421 1325; x_wconf 92' lang='lat' dir='ltr'>plus</span> 
     </span>
    </p>
   </div>
   <div class='ocr_carea' id='block_1_3' title="bbox 339 1541 1426 2966">
    <p class='ocr_par' dir='ltr' id='par_1_3' title="bbox 339 1541 1426 2966">
     <span class='ocr_line' id='line_1_11' title="bbox 339 1541 1420 1617; baseline -0.001 -20"><span class='ocrx_word' id='word_1_87' title='bbox 339 1557 401 1612; x_wconf 90' lang='lat' dir='ltr'>pro</span> <span class='ocrx_word' id='word_1_88' title='bbox 417 1541 709 1611; x_wconf 79' lang='lat' dir='ltr'>uihttopeeuutum</span> <span class='ocrx_word' id='word_1_89' title='bbox 728 1543 858 1610; x_wconf 85' lang='lat' dir='ltr'>ducere,</span> <span class='ocrx_word' id='word_1_90' title='bbox 907 1557 968 1600; x_wconf 89' lang='lat' dir='ltr'>cas.</span> <span class='ocrx_word' id='word_1_91' title='bbox 985 1547 1034 1599; x_wconf 82' lang='lat' dir='ltr'>Au</span> <span class='ocrx_word' id='word_1_92' title='bbox 1052 1543 1139 1617; x_wconf 86' lang='lat' dir='ltr'>point</span> <span class='ocrx_word' id='word_1_93' title='bbox 1154 1543 1191 1600; x_wconf 91' lang='grc'>(16</span> <span class='ocrx_word' id='word_1_94' title='bbox 1205 1557 1265 1598; x_wconf 85' lang='lat' dir='ltr'>vue</span> <span class='ocrx_word' id='word_1_95' title='bbox 1281 1541 1322 1597; x_wconf 90' lang='lat' dir='ltr'>du</span> <span class='ocrx_word' id='word_1_96' title='bbox 1338 1555 1420 1608; x_wconf 88' lang='lat' dir='ltr'>sens,</span> 
     </span>
     <span class='ocr_line' id='line_1_12' title="bbox 344 1614 1423 1688; baseline -0.001 -19"><span class='ocrx_word' id='word_1_97' title='bbox 344 1619 507 1670; x_wconf 80' lang='lat' dir='ltr'>nostrates</span> <span class='ocrx_word' id='word_1_98' title='bbox 531 1614 716 1682; x_wconf 75' lang='lat' dir='ltr'>philosophi</span> <span class='ocrx_word' id='word_1_99' title='bbox 747 1614 859 1684; x_wconf 75' lang='lat' dir='ltr'>fucere</span> <span class='ocrx_word' id='word_1_100' title='bbox 906 1614 952 1671; x_wconf 91' lang='lat' dir='ltr'>les</span> <span class='ocrx_word' id='word_1_101' title='bbox 963 1616 1097 1688; x_wconf 86' lang='lat' dir='ltr'>peintres</span> <span class='ocrx_word' id='word_1_102' title='bbox 1107 1616 1161 1687; x_wconf 91' lang='lat' dir='ltr'>qui</span> <span class='ocrx_word' id='word_1_103' title='bbox 1170 1631 1204 1671; x_wconf 91' lang='lat' dir='ltr'>co</span> <span class='ocrx_word' id='word_1_104' title='bbox 1227 1615 1292 1670; x_wconf 88' lang='lat' dir='ltr'>ient</span> <span class='ocrx_word' id='word_1_105' title='bbox 1306 1616 1423 1669; x_wconf 80' lang='lat' dir='ltr'>exacte·</span> 
     </span>
     <span class='ocr_line' id='line_1_13' title="bbox 346 1631 1423 1758; baseline -0.003 -16"><span class='ocrx_word' id='word_1_106' title='bbox 346 1702 412 1742; x_wconf 82' lang='lat' dir='ltr'>uon</span> <span class='ocrx_word' id='word_1_107' title='bbox 424 1684 629 1754; x_wconf 74' lang='lat' dir='ltr'>potueruut?</span> <span class='ocrx_word' id='word_1_108' title='bbox 648 1685 778 1758; x_wconf 73' lang='lat' dir='ltr'>utplus</span> <span class='ocrx_word' id='word_1_109' title='bbox 790 1685 857 1750; x_wconf 88' lang='lat' dir='ltr'>bas,</span> <span class='ocrx_word' id='word_1_110' title='bbox 907 1689 992 1744; x_wconf 85' lang='lat' dir='ltr'>ment</span> <span class='ocrx_word' id='word_1_111' title='bbox 1006 1702 1044 1743; x_wconf 91' lang='lat' dir='ltr'>en</span> <span class='ocrx_word' id='word_1_112' title='bbox 1068 1688 1193 1742; x_wconf 86' lang='lat' dir='ltr'>suivant</span> <span class='ocrx_word' id='word_1_113' title='bbox 1206 1631 1254 1742; x_wconf 55' lang='lat' dir='ltr'>Yes</span> <span class='ocrx_word' id='word_1_114' title='bbox 1274 1685 1373 1756; x_wconf 82' lang='lat' dir='ltr'>lignes</span> <span class='ocrx_word' id='word_1_115' title='bbox 1392 1686 1423 1740; x_wconf 89' lang='lat' dir='ltr'>et</span> 
     </span>
     <span class='ocr_line' id='line_1_14' title="bbox 344 1756 1422 1826; baseline -0.003 -13"><span class='ocrx_word' id='word_1_116' title='bbox 344 1757 372 1826; x_wconf 87' lang='lat'>3,</span> <span class='ocrx_word' id='word_1_117' title='bbox 386 1757 431 1812; x_wconf 79' lang='lat'>29.</span> <span class='ocrx_word' id='word_1_118' title='bbox 907 1756 951 1813; x_wconf 88' lang='lat' dir='ltr'>les</span> <span class='ocrx_word' id='word_1_119' title='bbox 962 1758 1149 1814; x_wconf 88' lang='lat' dir='ltr'>dimensions</span> <span class='ocrx_word' id='word_1_120' title='bbox 1163 1757 1252 1813; x_wconf 89' lang='lat' dir='ltr'>d&#39;nne</span> <span class='ocrx_word' id='word_1_121' title='bbox 1267 1771 1380 1824; x_wconf 90' lang='lat' dir='ltr'>oeuvra,</span> <span class='ocrx_word' id='word_1_122' title='bbox 1391 1771 1422 1810; x_wconf 90' lang='lat' dir='ltr'>se</span> 
     </span>
     <span class='ocr_line' id='line_1_15' title="bbox 381 1827 1423 1903; baseline -0.002 -20"><span class='ocrx_word' id='word_1_123' title='bbox 381 1830 472 1884; x_wconf 85' lang='lat' dir='ltr'>Certe</span> <span class='ocrx_word' id='word_1_124' title='bbox 487 1833 534 1884; x_wconf 91' lang='lat' dir='ltr'>est</span> <span class='ocrx_word' id='word_1_125' title='bbox 555 1827 695 1883; x_wconf 79' lang='lat' dir='ltr'>different</span> <span class='ocrx_word' id='word_1_126' title='bbox 717 1827 859 1884; x_wconf 86' lang='lat' dir='ltr'>decerto</span> <span class='ocrx_word' id='word_1_127' title='bbox 908 1829 1423 1903; x_wconf 77' lang='lat' dir='ltr'>contententprecisement:couse-</span> 
     </span>
     <span class='ocr_line' id='line_1_16' title="bbox 346 1898 1423 1984; baseline -0.003 -29"><span class='ocrx_word' id='word_1_128' title='bbox 346 1903 376 1956; x_wconf 92' lang='lat' dir='ltr'>et</span> <span class='ocrx_word' id='word_1_129' title='bbox 400 1915 438 1955; x_wconf 88' lang='lat' dir='ltr'>nc</span> <span class='ocrx_word' id='word_1_130' title='bbox 460 1899 580 1972; x_wconf 79' lang='lat' dir='ltr'>signific</span> <span class='ocrx_word' id='word_1_131' title='bbox 602 1915 659 1984; x_wconf 87' lang='lat' dir='ltr'>pas</span> <span class='ocrx_word' id='word_1_132' title='bbox 686 1915 803 1954; x_wconf 89' lang='lat' dir='ltr'>comme</span> <span class='ocrx_word' id='word_1_133' title='bbox 827 1914 860 1954; x_wconf 89' lang='lat' dir='ltr'>ce</span> <span class='ocrx_word' id='word_1_134' title='bbox 908 1903 966 1971; x_wconf 79' lang='lat' dir='ltr'>qui</span> <span class='ocrx_word' id='word_1_135' title='bbox 998 1903 1082 1971; x_wconf 82' lang='lat' dir='ltr'>quod</span> <span class='ocrx_word' id='word_1_136' title='bbox 1107 1901 1300 1967; x_wconf 59' lang='lat' dir='ltr'>imitantem·</span> <span class='ocrx_word' id='word_1_137' title='bbox 1329 1901 1359 1954; x_wconf 91' lang='lat' dir='ltr'>et</span> <span class='ocrx_word' id='word_1_138' title='bbox 1381 1898 1423 1952; x_wconf 91' lang='lat' dir='ltr'>du</span> 
     </span>
     <span class='ocr_line' id='line_1_17' title="bbox 346 1968 1423 2045; baseline -0.003 -18"><span class='ocrx_word' id='word_1_139' title='bbox 346 1968 488 2027; x_wconf 67' lang='lat' dir='ltr'>dernier?</span> <span class='ocrx_word' id='word_1_140' title='bbox 511 1971 861 2040; x_wconf 83' lang='lat' dir='ltr'>certaeuemeut,d&#39;une</span> <span class='ocrx_word' id='word_1_141' title='bbox 907 1975 1045 2028; x_wconf 87' lang='lat' dir='ltr'>moment</span> <span class='ocrx_word' id='word_1_142' title='bbox 1067 1971 1157 2044; x_wconf 87' lang='lat' dir='ltr'>qu’ils</span> <span class='ocrx_word' id='word_1_143' title='bbox 1171 1973 1301 2045; x_wconf 87' lang='lat' dir='ltr'>copient,</span> <span class='ocrx_word' id='word_1_144' title='bbox 1322 1969 1362 2024; x_wconf 92' lang='lat' dir='ltr'>ils</span> <span class='ocrx_word' id='word_1_145' title='bbox 1384 1985 1423 2025; x_wconf 89' lang='lat' dir='ltr'>ne</span> 
     </span>
     <span class='ocr_line' id='line_1_18' title="bbox 347 2040 1421 2115; baseline -0.001 -18"><span class='ocrx_word' id='word_1_146' title='bbox 347 2041 437 2109; x_wconf 81' lang='lat' dir='ltr'>lacon</span> <span class='ocrx_word' id='word_1_147' title='bbox 456 2042 593 2105; x_wconf 88' lang='lat' dir='ltr'>absolue,</span> <span class='ocrx_word' id='word_1_148' title='bbox 615 2043 694 2098; x_wconf 88' lang='lat' dir='ltr'>mais</span> <span class='ocrx_word' id='word_1_149' title='bbox 708 2058 781 2099; x_wconf 87' lang='lat' dir='ltr'>avec</span> <span class='ocrx_word' id='word_1_150' title='bbox 801 2057 861 2096; x_wconf 90' lang='lat' dir='ltr'>une</span> <span class='ocrx_word' id='word_1_151' title='bbox 909 2043 1083 2099; x_wconf 87' lang='lat' dir='ltr'>sehoment</span> <span class='ocrx_word' id='word_1_152' title='bbox 1097 2043 1244 2115; x_wconf 77' lang='lat' dir='ltr'>dejdplns</span> <span class='ocrx_word' id='word_1_153' title='bbox 1265 2044 1281 2096; x_wconf 77' lang='lat' dir='ltr'>d</span> <span class='ocrx_word' id='word_1_154' title='bbox 1298 2040 1421 2112; x_wconf 81' lang='lat' dir='ltr'>garder:</span> 
     </span>
     <span class='ocr_line' id='line_1_19' title="bbox 347 2111 1423 2190; baseline -0.002 -22"><span class='ocrx_word' id='word_1_155' title='bbox 347 2114 582 2169; x_wconf 87' lang='lat' dir='ltr'>subordination</span> <span class='ocrx_word' id='word_1_156' title='bbox 600 2113 663 2168; x_wconf 76' lang='lat' dir='ltr'>ala</span> <span class='ocrx_word' id='word_1_157' title='bbox 686 2114 797 2186; x_wconf 79' lang='lat' dir='ltr'>penses</span> <span class='ocrx_word' id='word_1_158' title='bbox 824 2113 861 2167; x_wconf 90' lang='grc'>(16</span> <span class='ocrx_word' id='word_1_159' title='bbox 909 2118 994 2186; x_wconf 83' lang='lat' dir='ltr'>quod</span> <span class='ocrx_word' id='word_1_160' title='bbox 1008 2117 1053 2172; x_wconf 80' lang='lat' dir='ltr'>sit</span> <span class='ocrx_word' id='word_1_161' title='bbox 1080 2116 1223 2190; x_wconf 79' lang='lat' dir='ltr'>beneficti</span> <span class='ocrx_word' id='word_1_162' title='bbox 1245 2111 1423 2170; x_wconf 71' lang='lat' dir='ltr'>altoreille</span> 
     </span>
     <span class='ocr_line' id='line_1_20' title="bbox 346 2183 1424 2260; baseline -0.005 -19"><span class='ocrx_word' id='word_1_163' title='bbox 346 2185 425 2241; x_wconf 91' lang='lat' dir='ltr'>celui</span> <span class='ocrx_word' id='word_1_164' title='bbox 442 2185 496 2256; x_wconf 91' lang='lat' dir='ltr'>qui</span> <span class='ocrx_word' id='word_1_165' title='bbox 510 2183 605 2256; x_wconf 88' lang='lat' dir='ltr'>parle,</span> <span class='ocrx_word' id='word_1_166' title='bbox 621 2199 653 2239; x_wconf 90' lang='lat' dir='ltr'>ce</span> <span class='ocrx_word' id='word_1_167' title='bbox 669 2183 722 2256; x_wconf 90' lang='lat' dir='ltr'>qui</span> <span class='ocrx_word' id='word_1_168' title='bbox 737 2185 861 2256; x_wconf 85' lang='lat' dir='ltr'>laitque</span> <span class='ocrx_word' id='word_1_169' title='bbox 909 2187 978 2241; x_wconf 85' lang='lat' dir='ltr'>font</span> <span class='ocrx_word' id='word_1_170' title='bbox 992 2201 1052 2242; x_wconf 89' lang='lat' dir='ltr'>une</span> <span class='ocrx_word' id='word_1_171' title='bbox 1065 2201 1169 2241; x_wconf 86' lang='lat' dir='ltr'>oeuvrc</span> <span class='ocrx_word' id='word_1_172' title='bbox 1183 2201 1304 2260; x_wconf 87' lang='lat' dir='ltr'>propre,</span> <span class='ocrx_word' id='word_1_173' title='bbox 1321 2183 1424 2238; x_wconf 89' lang='lat' dir='ltr'>d&#39;imi-</span> 
     </span>
     <span class='ocr_line' id='line_1_21' title="bbox 346 2254 1423 2326; baseline -0.003 -15"><span class='ocrx_word' id='word_1_174' title='bbox 346 2259 478 2311; x_wconf 90' lang='lat' dir='ltr'>souvent</span> <span class='ocrx_word' id='word_1_175' title='bbox 492 2271 532 2310; x_wconf 91' lang='lat' dir='ltr'>on</span> <span class='ocrx_word' id='word_1_176' title='bbox 548 2256 613 2311; x_wconf 90' lang='lat' dir='ltr'>doit</span> <span class='ocrx_word' id='word_1_177' title='bbox 626 2255 655 2311; x_wconf 92' lang='grc'>16</span> <span class='ocrx_word' id='word_1_178' title='bbox 663 2256 798 2311; x_wconf 89' lang='lat' dir='ltr'>traduire</span> <span class='ocrx_word' id='word_1_179' title='bbox 805 2270 862 2326; x_wconf 88' lang='lat' dir='ltr'>par</span> <span class='ocrx_word' id='word_1_180' title='bbox 910 2257 1009 2312; x_wconf 82' lang='lat' dir='ltr'>tation</span> <span class='ocrx_word' id='word_1_181' title='bbox 1018 2257 1138 2320; x_wconf 76' lang='lat' dir='ltr'>servile,</span> <span class='ocrx_word' id='word_1_182' title='bbox 1147 2257 1171 2312; x_wconf 93' lang='grc'>11</span> <span class='ocrx_word' id='word_1_183' title='bbox 1183 2260 1230 2313; x_wconf 89' lang='grc'>661</span> <span class='ocrx_word' id='word_1_184' title='bbox 1241 2257 1317 2321; x_wconf 89' lang='lat' dir='ltr'>vrai,</span> <span class='ocrx_word' id='word_1_185' title='bbox 1328 2256 1358 2309; x_wconf 91' lang='lat' dir='ltr'>et</span> <span class='ocrx_word' id='word_1_186' title='bbox 1368 2254 1423 2326; x_wconf 90' lang='lat' dir='ltr'>qui</span> 
     </span>
     <span class='ocr_line' id='line_1_22' title="bbox 347 2325 1425 2401; baseline -0.004 -18"><span class='ocrx_word' id='word_1_187' title='bbox 347 2331 392 2383; x_wconf 89' lang='lat' dir='ltr'>du</span> <span class='ocrx_word' id='word_1_188' title='bbox 423 2328 540 2396; x_wconf 81' lang='lat' dir='ltr'>motus,</span> <span class='ocrx_word' id='word_1_189' title='bbox 570 2332 640 2382; x_wconf 89' lang='lat' dir='ltr'>tout</span> <span class='ocrx_word' id='word_1_190' title='bbox 662 2342 708 2382; x_wconf 87' lang='lat' dir='ltr'>au</span> <span class='ocrx_word' id='word_1_191' title='bbox 734 2329 861 2382; x_wconf 84' lang='lat' dir='ltr'>motus:</span> <span class='ocrx_word' id='word_1_192' title='bbox 910 2325 1425 2401; x_wconf 81' lang='lat' dir='ltr'>exclutleprogres;maisilsfont</span> 
     </span>
     <span class='ocr_line' id='line_1_23' title="bbox 346 2396 1424 2472; baseline -0.004 -18"><span class='ocrx_word' id='word_1_193' title='bbox 346 2399 509 2466; x_wconf 79' lang='lat' dir='ltr'>sapientis</span> <span class='ocrx_word' id='word_1_194' title='bbox 526 2402 575 2452; x_wconf 86' lang='lat' dir='ltr'>est</span> <span class='ocrx_word' id='word_1_195' title='bbox 584 2400 755 2469; x_wconf 82' lang='lat' dir='ltr'>proprium</span> <span class='ocrx_word' id='word_1_196' title='bbox 774 2398 862 2452; x_wconf 81' lang='grc'><strong>((1111</strong></span> <span class='ocrx_word' id='word_1_197' title='bbox 910 2400 1041 2472; x_wconf 88' lang='lat' dir='ltr'>quelque</span> <span class='ocrx_word' id='word_1_198' title='bbox 1057 2401 1156 2455; x_wconf 83' lang='lat' dir='ltr'>chose.</span> <span class='ocrx_word' id='word_1_199' title='bbox 1173 2400 1200 2455; x_wconf 94' lang='lat' dir='ltr'>Il</span> <span class='ocrx_word' id='word_1_200' title='bbox 1214 2415 1252 2455; x_wconf 91' lang='lat' dir='ltr'>ne</span> <span class='ocrx_word' id='word_1_201' title='bbox 1267 2396 1424 2454; x_wconf 85' lang='lat' dir='ltr'>fautdonc</span> 
     </span>
     <span class='ocr_line' id='line_1_24' title="bbox 348 2468 1424 2555; baseline -0.002 -31"><span class='ocrx_word' id='word_1_202' title='bbox 348 2468 397 2524; x_wconf 85' lang='lat' dir='ltr'>ita</span> <span class='ocrx_word' id='word_1_203' title='bbox 430 2472 624 2537; x_wconf 77' lang='lat' dir='ltr'>inspectare,</span> <span class='ocrx_word' id='word_1_204' title='bbox 654 2469 748 2538; x_wconf 81' lang='lat' dir='ltr'>quast</span> <span class='ocrx_word' id='word_1_205' title='bbox 775 2473 861 2524; x_wconf 88' lang='lat' dir='ltr'>certo</span> <span class='ocrx_word' id='word_1_206' title='bbox 932 2487 966 2526; x_wconf 87' lang='lat' dir='ltr'>as</span> <span class='ocrx_word' id='word_1_207' title='bbox 985 2474 1144 2555; x_wconf 88' lang='lat' dir='ltr'>rapporter</span> <span class='ocrx_word' id='word_1_208' title='bbox 1157 2470 1189 2526; x_wconf 91' lang='lat' dir='ltr'>la</span> <span class='ocrx_word' id='word_1_209' title='bbox 1211 2468 1424 2542; x_wconf 86' lang='lat' dir='ltr'>comparaison</span> 
     </span>
     <span class='ocr_line' id='line_1_25' title="bbox 347 2488 1426 2616; baseline 0 -22"><span class='ocrx_word' id='word_1_210' title='bbox 347 2542 505 2610; x_wconf 73' lang='lat' dir='ltr'>futurum</span> <span class='ocrx_word' id='word_1_211' title='bbox 538 2539 613 2612; x_wconf 85' lang='lat' dir='ltr'>(Cro.</span> <span class='ocrx_word' id='word_1_212' title='bbox 638 2539 731 2598; x_wconf 85' lang='lat' dir='ltr'>Tuso.</span> <span class='ocrx_word' id='word_1_213' title='bbox 757 2540 792 2603; x_wconf 86' lang='lat' dir='ltr'>V,</span> <span class='ocrx_word' id='word_1_214' title='bbox 815 2539 861 2609; x_wconf 74' lang='lat'>28,</span> <span class='ocrx_word' id='word_1_215' title='bbox 909 2488 977 2598; x_wconf 53' lang='lat' dir='ltr'>an</span> <span class='ocrx_word' id='word_1_216' title='bbox 993 2542 1190 2616; x_wconf 79' lang='lat' dir='ltr'>qu1precede,</span> <span class='ocrx_word' id='word_1_217' title='bbox 1205 2542 1283 2598; x_wconf 87' lang='lat' dir='ltr'>mais</span> <span class='ocrx_word' id='word_1_218' title='bbox 1298 2539 1426 2612; x_wconf 77' lang='lat' dir='ltr'>deequi</span> 
     </span>
     <span class='ocr_line' id='line_1_26' title="bbox 347 2611 983 2684; baseline 0 -17"><span class='ocrx_word' id='word_1_219' title='bbox 347 2612 405 2682; x_wconf 86' lang='grc'><strong>81).</strong></span> <span class='ocrx_word' id='word_1_220' title='bbox 429 2614 519 2669; x_wconf 83' lang='lat' dir='ltr'>Certe</span> <span class='ocrx_word' id='word_1_221' title='bbox 540 2614 607 2668; x_wconf 84' lang='lat' dir='ltr'>soto</span> <span class='ocrx_word' id='word_1_222' title='bbox 637 2611 727 2684; x_wconf 82' lang='lat' dir='ltr'>(Tun.</span> <span class='ocrx_word' id='word_1_223' title='bbox 756 2613 860 2667; x_wconf 81' lang='lat' dir='ltr'>Andr.</span> <span class='ocrx_word' id='word_1_224' title='bbox 911 2613 983 2669; x_wconf 89' lang='lat' dir='ltr'>suit.</span> 
     </span>
     <span class='ocr_line' id='line_1_27' title="bbox 348 2680 1425 2757; baseline -0.001 -18"><span class='ocrx_word' id='word_1_225' title='bbox 348 2680 413 2750; x_wconf 82' lang='lat'>503)</span> <span class='ocrx_word' id='word_1_226' title='bbox 431 2697 438 2736; x_wconf 74' lang='grc' dir='ltr'>ε</span> <span class='ocrx_word' id='word_1_227' title='bbox 454 2685 504 2736; x_wconf 87' lang='lat' dir='ltr'>Du</span> <span class='ocrx_word' id='word_1_228' title='bbox 518 2685 681 2751; x_wconf 74' lang='lat' dir='ltr'>motusje</span> <span class='ocrx_word' id='word_1_229' title='bbox 696 2684 767 2739; x_wconf 77' lang='lat' dir='ltr'>suis</span> <span class='ocrx_word' id='word_1_230' title='bbox 783 2684 863 2749; x_wconf 82' lang='lat' dir='ltr'>sdr;</span> <span class='ocrx_word' id='word_1_231' title='bbox 946 2687 987 2740; x_wconf 83' lang='lat' dir='ltr'>lu</span> <span class='ocrx_word' id='word_1_232' title='bbox 1003 2687 1038 2739; x_wconf 83' lang='lat' dir='ltr'>td</span> <span class='ocrx_word' id='word_1_233' title='bbox 1052 2687 1193 2751; x_wconf 87' lang='lat' dir='ltr'>studere,</span> <span class='ocrx_word' id='word_1_234' title='bbox 1209 2699 1265 2757; x_wconf 85' lang='lat' dir='ltr'>par</span> <span class='ocrx_word' id='word_1_235' title='bbox 1285 2681 1425 2753; x_wconf 81' lang='lat' dir='ltr'>analogio</span> 
     </span>
     <span class='ocr_line' id='line_1_28' title="bbox 349 2752 1424 2824; baseline 0 -16"><span class='ocrx_word' id='word_1_236' title='bbox 349 2755 379 2808; x_wconf 91' lang='grc'>61</span> <span class='ocrx_word' id='word_1_237' title='bbox 394 2752 438 2808; x_wconf 88' lang='lat' dir='ltr'>ih.</span> <span class='ocrx_word' id='word_1_238' title='bbox 461 2754 534 2810; x_wconf 77' lang='lat'>929:</span> <span class='ocrx_word' id='word_1_239' title='bbox 552 2761 638 2810; x_wconf 87' lang='lat' dir='ltr'>certo</span> <span class='ocrx_word' id='word_1_240' title='bbox 652 2755 719 2810; x_wconf 86' lang='lat' dir='ltr'>seio</span> <span class='ocrx_word' id='word_1_241' title='bbox 730 2757 777 2822; x_wconf 83' lang='lat' dir='ltr'>:je</span> <span class='ocrx_word' id='word_1_242' title='bbox 793 2755 863 2810; x_wconf 82' lang='lat' dir='ltr'>sais</span> <span class='ocrx_word' id='word_1_243' title='bbox 911 2772 986 2812; x_wconf 84' lang='lat' dir='ltr'>avec</span> <span class='ocrx_word' id='word_1_244' title='bbox 1000 2759 1077 2824; x_wconf 83' lang='grc'><strong>((111,</strong></span> <span class='ocrx_word' id='word_1_245' title='bbox 1095 2759 1237 2812; x_wconf 78' lang='lat' dir='ltr'>tendere.</span> <span class='ocrx_word' id='word_1_246' title='bbox 1253 2755 1300 2811; x_wconf 86' lang='lat' dir='ltr'>Cf.</span> <span class='ocrx_word' id='word_1_247' title='bbox 1315 2753 1385 2821; x_wconf 85' lang='lat' dir='ltr'>XII,</span> <span class='ocrx_word' id='word_1_248' title='bbox 1397 2753 1424 2819; x_wconf 89' lang='grc'>6,</span> 
     </span>
     <span class='ocr_line' id='line_1_29' title="bbox 350 2825 1425 2898; baseline 0 -19"><span class='ocrx_word' id='word_1_249' title='bbox 350 2828 447 2880; x_wconf 87' lang='lat' dir='ltr'>d&#39;uue</span> <span class='ocrx_word' id='word_1_250' title='bbox 468 2827 630 2881; x_wconf 81' lang='lat' dir='ltr'>certitudo</span> <span class='ocrx_word' id='word_1_251' title='bbox 661 2828 802 2882; x_wconf 84' lang='lat' dir='ltr'>absolue.</span> <span class='ocrx_word' id='word_1_252' title='bbox 825 2825 862 2880; x_wconf 87' lang='lat' dir='ltr'>V.</span> <span class='ocrx_word' id='word_1_253' title='bbox 911 2829 947 2884; x_wconf 79' lang='lat'>6:</span> <span class='ocrx_word' id='word_1_254' title='bbox 963 2830 1000 2882; x_wconf 81' lang='lat' dir='ltr'>iu</span> <span class='ocrx_word' id='word_1_255' title='bbox 1016 2843 1117 2898; x_wconf 84' lang='lat' dir='ltr'>quam</span> <span class='ocrx_word' id='word_1_256' title='bbox 1132 2843 1202 2882; x_wconf 87' lang='lat' dir='ltr'>rem</span> <span class='ocrx_word' id='word_1_257' title='bbox 1222 2827 1425 2882; x_wconf 79' lang='lat' dir='ltr'>studendum</span> 
     </span>
     <span class='ocr_line' id='line_1_30' title="bbox 348 2897 1424 2966; baseline -0.001 -15"><span class='ocrx_word' id='word_1_258' title='bbox 348 2897 387 2962; x_wconf 88' lang='grc' dir='ltr'>Κ.</span> <span class='ocrx_word' id='word_1_259' title='bbox 404 2897 444 2960; x_wconf 94' lang='grc' dir='ltr'>ΙΙ,</span> <span class='ocrx_word' id='word_1_260' title='bbox 460 2897 524 2964; x_wconf 77' lang='lat' dir='ltr'>ool,</span> <span class='ocrx_word' id='word_1_261' title='bbox 540 2897 553 2964; x_wconf 82' lang='lat'><em>§</em></span> <span class='ocrx_word' id='word_1_262' title='bbox 568 2898 630 2953; x_wconf 92' lang='grc'><strong>144.</strong></span> <span class='ocrx_word' id='word_1_263' title='bbox 912 2901 966 2954; x_wconf 81' lang='lat' dir='ltr'>stt.</span> <span class='ocrx_word' id='word_1_264' title='bbox 982 2929 1018 2938; x_wconf 90' lang='lat'>-</span> <span class='ocrx_word' id='word_1_265' title='bbox 1032 2901 1217 2955; x_wconf 73' lang='lat' dir='ltr'>describere</span> <span class='ocrx_word' id='word_1_266' title='bbox 1230 2919 1265 2946; x_wconf 93' lang='lat'><strong><em>=</em></strong></span> <span class='ocrx_word' id='word_1_267' title='bbox 1278 2898 1424 2966; x_wconf 80' lang='lat' dir='ltr'>calquer,</span> 
     </span>
    </p>
   </div>
   <div class='ocr_carea' id='block_1_4' title="bbox 350 2972 1433 4404">
    <p class='ocr_par' dir='ltr' id='par_1_4' title="bbox 350 2972 1429 3480">
     <span class='ocr_line' id='line_1_31' title="bbox 384 2972 1095 3058; baseline -0.01 -17"><span class='ocrx_word' id='word_1_268' title='bbox 384 2985 412 3041; x_wconf 89' lang='grc'>6.</span> <span class='ocrx_word' id='word_1_269' title='bbox 428 2987 641 3058; x_wconf 73' lang='lat' dir='ltr'>Cup‘usquam,</span> <span class='ocrx_word' id='word_1_270' title='bbox 659 3002 707 3042; x_wconf 89' lang='lat' dir='ltr'>em</span> <span class='ocrx_word' id='word_1_271' title='bbox 729 2985 799 3057; x_wconf 77' lang='lat' dir='ltr'>loye</span> <span class='ocrx_word' id='word_1_272' title='bbox 824 2983 864 3039; x_wconf 89' lang='lat' dir='ltr'>ici</span> <span class='ocrx_word' id='word_1_273' title='bbox 913 2972 1095 3048; x_wconf 79' lang='grc' dir='ltr'><strong>ἀπογράφειν.</strong></span> 
     </span>
     <span class='ocr_line' id='line_1_32' title="bbox 350 3052 1424 3123; baseline -0.007 -11"><span class='ocrx_word' id='word_1_274' title='bbox 350 3072 424 3112; x_wconf 84' lang='lat' dir='ltr'>avec</span> <span class='ocrx_word' id='word_1_275' title='bbox 444 3072 488 3114; x_wconf 87' lang='lat' dir='ltr'>un</span> <span class='ocrx_word' id='word_1_276' title='bbox 512 3055 685 3114; x_wconf 84' lang='lat' dir='ltr'>substantif</span> <span class='ocrx_word' id='word_1_277' title='bbox 722 3074 738 3114; x_wconf 92' lang='lat' dir='ltr'>e</span> <span class='ocrx_word' id='word_1_278' title='bbox 761 3058 863 3123; x_wconf 89' lang='lat' dir='ltr'>chose,</span> <span class='ocrx_word' id='word_1_279' title='bbox 948 3052 1138 3107; x_wconf 81' lang='lat' dir='ltr'>Contentum</span> <span class='ocrx_word' id='word_1_280' title='bbox 1151 3052 1424 3121; x_wconf 80' lang='lat' dir='ltr'>esse...cousequa&#39;.</span> 
     </span>
     <span class='ocr_line' id='line_1_33' title="bbox 351 3121 1428 3187; baseline -0.008 -3"><span class='ocrx_word' id='word_1_281' title='bbox 351 3127 478 3184; x_wconf 88' lang='lat' dir='ltr'>aillaurs</span> <span class='ocrx_word' id='word_1_282' title='bbox 511 3126 681 3187; x_wconf 79' lang='lat' dir='ltr'>seulement</span> <span class='ocrx_word' id='word_1_283' title='bbox 716 3144 789 3186; x_wconf 84' lang='lat' dir='ltr'>avec</span> <span class='ocrx_word' id='word_1_284' title='bbox 811 3127 864 3181; x_wconf 92' lang='grc'><strong>(166</strong></span> <span class='ocrx_word' id='word_1_285' title='bbox 913 3121 998 3177; x_wconf 80' lang='lat' dir='ltr'>Getta</span> <span class='ocrx_word' id='word_1_286' title='bbox 1014 3123 1222 3179; x_wconf 83' lang='lat' dir='ltr'>construction</span> <span class='ocrx_word' id='word_1_287' title='bbox 1240 3137 1313 3177; x_wconf 84' lang='lat' dir='ltr'>avec</span> <span class='ocrx_word' id='word_1_288' title='bbox 1332 3122 1428 3179; x_wconf 90' lang='lat' dir='ltr'>l&#39;infi-</span> 
     </span>
     <span class='ocr_line' id='line_1_34' title="bbox 351 3193 1427 3281; baseline -0.006 -28"><span class='ocrx_word' id='word_1_289' title='bbox 351 3215 441 3265; x_wconf 82' lang='lat' dir='ltr'>noms</span> <span class='ocrx_word' id='word_1_290' title='bbox 463 3199 499 3254; x_wconf 96' lang='grc'>(16</span> <span class='ocrx_word' id='word_1_291' title='bbox 523 3213 673 3269; x_wconf 89' lang='lat' dir='ltr'>personne</span> <span class='ocrx_word' id='word_1_292' title='bbox 702 3217 742 3257; x_wconf 92' lang='lat' dir='ltr'>ou</span> <span class='ocrx_word' id='word_1_293' title='bbox 764 3197 865 3281; x_wconf 89' lang='lat' dir='ltr'>impli-</span> <span class='ocrx_word' id='word_1_294' title='bbox 913 3193 987 3248; x_wconf 85' lang='lat' dir='ltr'>nitif</span> <span class='ocrx_word' id='word_1_295' title='bbox 999 3197 1045 3249; x_wconf 89' lang='grc'>661</span> <span class='ocrx_word' id='word_1_296' title='bbox 1054 3194 1211 3267; x_wconf 83' lang='lat' dir='ltr'>employee</span> <span class='ocrx_word' id='word_1_297' title='bbox 1225 3209 1303 3265; x_wconf 90' lang='lat' dir='ltr'>pour</span> <span class='ocrx_word' id='word_1_298' title='bbox 1317 3193 1349 3250; x_wconf 86' lang='lat' dir='ltr'>la</span> <span class='ocrx_word' id='word_1_299' title='bbox 1362 3207 1427 3266; x_wconf 86' lang='lat' dir='ltr'>pra-</span> 
     </span>
     <span class='ocr_line' id='line_1_35' title="bbox 353 3264 1427 3344; baseline -0.006 -19"><span class='ocrx_word' id='word_1_300' title='bbox 353 3274 452 3343; x_wconf 88' lang='lat' dir='ltr'>quant</span> <span class='ocrx_word' id='word_1_301' title='bbox 473 3269 561 3326; x_wconf 81' lang='lat' dir='ltr'>l’idee</span> <span class='ocrx_word' id='word_1_302' title='bbox 585 3271 621 3326; x_wconf 90' lang='lat' dir='ltr'>de</span> <span class='ocrx_word' id='word_1_303' title='bbox 645 3270 865 3344; x_wconf 81' lang='lat' dir='ltr'>personnalite&#39;.</span> <span class='ocrx_word' id='word_1_304' title='bbox 913 3264 1006 3318; x_wconf 73' lang='lat' dir='ltr'>mitre</span> <span class='ocrx_word' id='word_1_305' title='bbox 1028 3266 1087 3321; x_wconf 86' lang='lat' dir='ltr'>fois</span> <span class='ocrx_word' id='word_1_306' title='bbox 1112 3282 1149 3320; x_wconf 89' lang='lat' dir='ltr'>on</span> <span class='ocrx_word' id='word_1_307' title='bbox 1203 3280 1270 3320; x_wconf 88' lang='lat' dir='ltr'>rose</span> <span class='ocrx_word' id='word_1_308' title='bbox 1296 3267 1368 3321; x_wconf 90' lang='lat' dir='ltr'>chez</span> <span class='ocrx_word' id='word_1_309' title='bbox 1390 3264 1427 3319; x_wconf 87' lang='lat' dir='ltr'>T.</span> 
     </span>
     <span class='ocr_line' id='line_1_36' title="bbox 353 3335 1425 3417; baseline -0.006 -21"><span class='ocrx_word' id='word_1_310' title='bbox 353 3339 391 3396; x_wconf 80' lang='lat' dir='ltr'>V.</span> <span class='ocrx_word' id='word_1_311' title='bbox 421 3342 450 3409; x_wconf 85' lang='lat'>7,</span> <span class='ocrx_word' id='word_1_312' title='bbox 477 3341 518 3396; x_wconf 88' lang='lat'>3:</span> <span class='ocrx_word' id='word_1_313' title='bbox 544 3343 721 3414; x_wconf 80' lang='lat' dir='ltr'>quisquam</span> <span class='ocrx_word' id='word_1_314' title='bbox 757 3346 866 3400; x_wconf 86' lang='lat' dir='ltr'>erutor</span> <span class='ocrx_word' id='word_1_315' title='bbox 914 3335 997 3417; x_wconf 75' lang='lat' dir='ltr'>Live.</span> <span class='ocrx_word' id='word_1_316' title='bbox 1028 3337 1064 3391; x_wconf 90' lang='lat' dir='ltr'>V.</span> <span class='ocrx_word' id='word_1_317' title='bbox 1089 3337 1127 3393; x_wconf 89' lang='lat' dir='ltr'>K.</span> <span class='ocrx_word' id='word_1_318' title='bbox 1154 3336 1195 3403; x_wconf 91' lang='lat' dir='ltr'>I,</span> <span class='ocrx_word' id='word_1_319' title='bbox 1224 3336 1277 3391; x_wconf 84' lang='grc'>496</span> <span class='ocrx_word' id='word_1_320' title='bbox 1305 3338 1336 3392; x_wconf 84' lang='grc'>61</span> <span class='ocrx_word' id='word_1_321' title='bbox 1362 3335 1425 3392; x_wconf 82' lang='grc'><strong>5116.</strong></span> 
     </span>
     <span class='ocr_line' id='line_1_37' title="bbox 354 3407 1429 3480; baseline -0.006 -13"><span class='ocrx_word' id='word_1_322' title='bbox 354 3415 412 3468; x_wconf 84' lang='grc'><strong>616.</strong></span> <span class='ocrx_word' id='word_1_323' title='bbox 913 3407 1040 3466; x_wconf 80' lang='lat' dir='ltr'>Ciceron</span> <span class='ocrx_word' id='word_1_324' title='bbox 1057 3407 1158 3480; x_wconf 84' lang='lat' dir='ltr'>aurait</span> <span class='ocrx_word' id='word_1_325' title='bbox 1181 3407 1240 3462; x_wconf 89' lang='lat' dir='ltr'>mis</span> <span class='ocrx_word' id='word_1_326' title='bbox 1263 3408 1347 3464; x_wconf 83' lang='lat' dir='ltr'>satis</span> <span class='ocrx_word' id='word_1_327' title='bbox 1366 3408 1429 3462; x_wconf 81' lang='lat' dir='ltr'>lta-</span> 
     </span>
    </p>

    <p class='ocr_par' dir='ltr' id='par_1_5' title="bbox 351 3478 1430 3694">
     <span class='ocr_line' id='line_1_38' title="bbox 387 3478 997 3554; baseline -0.011 -16"><span class='ocrx_word' id='word_1_328' title='bbox 387 3483 554 3554; x_wconf 62' lang='grc'><strong>36666611.</strong></span> <span class='ocrx_word' id='word_1_329' title='bbox 566 3479 594 3536; x_wconf 84' lang='grc' dir='ltr'><strong>Α</strong></span> <span class='ocrx_word' id='word_1_330' title='bbox 604 3478 764 3553; x_wconf 77' lang='lat' dir='ltr'>suppleant</span> <span class='ocrx_word' id='word_1_331' title='bbox 781 3482 866 3551; x_wconf 81' lang='lat' dir='ltr'>quod</span> <span class='ocrx_word' id='word_1_332' title='bbox 914 3481 997 3533; x_wconf 84' lang='lat' dir='ltr'>bere.</span> 
     </span>
     <span class='ocr_line' id='line_1_39' title="bbox 351 3548 1430 3624; baseline -0.005 -15"><span class='ocrx_word' id='word_1_333' title='bbox 351 3555 419 3623; x_wconf 57' lang='lat' dir='ltr'>un·</span> <span class='ocrx_word' id='word_1_334' title='bbox 434 3553 462 3608; x_wconf 92' lang='lat' dir='ltr'>le</span> <span class='ocrx_word' id='word_1_335' title='bbox 477 3553 571 3624; x_wconf 50' lang='lat' dir='ltr'>penit,</span> <span class='ocrx_word' id='word_1_336' title='bbox 587 3553 788 3620; x_wconf 80' lang='lat' dir='ltr'>oomme5,1.:</span> <span class='ocrx_word' id='word_1_337' title='bbox 801 3567 867 3607; x_wconf 81' lang='lat' dir='ltr'>uon</span> <span class='ocrx_word' id='word_1_338' title='bbox 950 3551 1078 3604; x_wconf 79' lang='lat' dir='ltr'>Rursus</span> <span class='ocrx_word' id='word_1_339' title='bbox 1093 3564 1127 3603; x_wconf 87' lang='lat' dir='ltr'>ra</span> <span class='ocrx_word' id='word_1_340' title='bbox 1149 3549 1228 3622; x_wconf 86' lang='lat' dir='ltr'>pelle</span> <span class='ocrx_word' id='word_1_341' title='bbox 1242 3548 1270 3605; x_wconf 90' lang='grc'>16</span> <span class='ocrx_word' id='word_1_342' title='bbox 1285 3551 1366 3619; x_wconf 79' lang='lat' dir='ltr'>quid</span> <span class='ocrx_word' id='word_1_343' title='bbox 1378 3549 1430 3622; x_wconf 77' lang='lat' dir='ltr'>fu·</span> 
     </span>
     <span class='ocr_line' id='line_1_40' title="bbox 355 3619 1429 3694; baseline -0.006 -12"><span class='ocrx_word' id='word_1_344' title='bbox 355 3629 402 3682; x_wconf 89' lang='lat' dir='ltr'>est</span> <span class='ocrx_word' id='word_1_345' title='bbox 425 3625 559 3694; x_wconf 62' lang='lat' dir='ltr'>leupus...</span> <span class='ocrx_word' id='word_1_346' title='bbox 576 3625 689 3691; x_wconf 81' lang='lat' dir='ltr'>operis.</span> <span class='ocrx_word' id='word_1_347' title='bbox 917 3625 1031 3675; x_wconf 84' lang='lat' dir='ltr'>turum</span> <span class='ocrx_word' id='word_1_348' title='bbox 1041 3619 1118 3675; x_wconf 91' lang='lat' dir='ltr'>dud</span> <span class='ocrx_word' id='word_1_349' title='bbox 1158 3625 1202 3676; x_wconf 89' lang='lat' dir='ltr'>ut.</span> <span class='ocrx_word' id='word_1_350' title='bbox 1220 3621 1429 3677; x_wconf 79' lang='lat' dir='ltr'>Ildtvoileun</span> 
     </span>
    </p>

    <p class='ocr_par' dir='ltr' id='par_1_6' title="bbox 355 3690 1433 4404">
     <span class='ocr_line' id='line_1_41' title="bbox 390 3690 1431 3767; baseline -0.005 -16"><span class='ocrx_word' id='word_1_351' title='bbox 390 3697 417 3751; x_wconf 83' lang='lat'>7.</span> <span class='ocrx_word' id='word_1_352' title='bbox 444 3697 531 3754; x_wconf 88' lang='lat' dir='ltr'>Nous</span> <span class='ocrx_word' id='word_1_353' title='bbox 554 3697 727 3767; x_wconf 85' lang='lat' dir='ltr'>ponctuons</span> <span class='ocrx_word' id='word_1_354' title='bbox 753 3694 781 3750; x_wconf 91' lang='lat' dir='ltr'>le</span> <span class='ocrx_word' id='word_1_355' title='bbox 799 3709 867 3766; x_wconf 90' lang='lat' dir='ltr'>pas·</span> <span class='ocrx_word' id='word_1_356' title='bbox 916 3691 1022 3746; x_wconf 78' lang='lat' dir='ltr'>detaut</span> <span class='ocrx_word' id='word_1_357' title='bbox 1039 3690 1116 3747; x_wconf 87' lang='lat' dir='ltr'>dans</span> <span class='ocrx_word' id='word_1_358' title='bbox 1139 3691 1168 3747; x_wconf 91' lang='grc'>16</span> <span class='ocrx_word' id='word_1_359' title='bbox 1201 3693 1431 3748; x_wconf 88' lang='lat' dir='ltr'>raisonnement</span> 
     </span>
     <span class='ocr_line' id='line_1_42' title="bbox 356 3761 1431 3858; baseline -0.006 -35"><span class='ocrx_word' id='word_1_360' title='bbox 356 3782 428 3839; x_wconf 77' lang='lat' dir='ltr'>saga</span> <span class='ocrx_word' id='word_1_361' title='bbox 449 3767 575 3824; x_wconf 83' lang='lat' dir='ltr'>suivant</span> <span class='ocrx_word' id='word_1_362' title='bbox 595 3769 624 3821; x_wconf 91' lang='grc'>61</span> <span class='ocrx_word' id='word_1_363' title='bbox 647 3781 725 3820; x_wconf 89' lang='lat' dir='ltr'>nous</span> <span class='ocrx_word' id='word_1_364' title='bbox 739 3763 768 3820; x_wconf 90' lang='lat' dir='ltr'>le</span> <span class='ocrx_word' id='word_1_365' title='bbox 783 3781 870 3820; x_wconf 89' lang='lat' dir='ltr'>com·</span> <span class='ocrx_word' id='word_1_366' title='bbox 916 3762 952 3817; x_wconf 83' lang='lat' dir='ltr'>de</span> <span class='ocrx_word' id='word_1_367' title='bbox 974 3761 1078 3843; x_wconf 84' lang='lat' dir='ltr'>Quint.</span> <span class='ocrx_word' id='word_1_368' title='bbox 1106 3761 1264 3844; x_wconf 78' lang='lat' dir='ltr'>Pouretre</span> <span class='ocrx_word' id='word_1_369' title='bbox 1286 3766 1385 3858; x_wconf 71' lang='lat' dir='ltr'>exact,</span> <span class='ocrx_word' id='word_1_370' title='bbox 1406 3761 1431 3817; x_wconf 93' lang='grc'>11</span> 
     </span>
     <span class='ocr_line' id='line_1_43' title="bbox 355 3832 1433 3980; baseline -0.006 -14"><span class='ocrx_word' id='word_1_371' title='bbox 355 3854 490 3966; x_wconf 68' lang='lat' dir='ltr'>aaran</span> <span class='ocrx_word' id='word_1_372' title='bbox 514 3835 869 3980; x_wconf 66' lang='grc'><strong>6111116661</strong></span> <span class='ocrx_word' id='word_1_373' title='bbox 916 3832 1433 3973; x_wconf 67' lang='grc'><strong>666611611111116</strong></span> 
     </span>
     <span class='ocr_line' id='line_1_44' title="bbox 359 3974 1433 4042; baseline -0.006 -6"><span class='ocrx_word' id='word_1_374' title='bbox 359 3981 435 4036; x_wconf 80' lang='lat' dir='ltr'>our.</span> <span class='ocrx_word' id='word_1_375' title='bbox 451 3981 731 4042; x_wconf 79' lang='lat' dir='ltr'>Quemadmodum</span> <span class='ocrx_word' id='word_1_376' title='bbox 746 3981 804 4034; x_wconf 89' lang='lat' dir='ltr'>etc.</span> <span class='ocrx_word' id='word_1_377' title='bbox 823 3980 870 4032; x_wconf 91' lang='grc'>661</span> <span class='ocrx_word' id='word_1_378' title='bbox 917 3975 980 4030; x_wconf 85' lang='lat' dir='ltr'>dire</span> <span class='ocrx_word' id='word_1_379' title='bbox 995 3974 1067 4028; x_wconf 88' lang='lat' dir='ltr'>d&#39;uu</span> <span class='ocrx_word' id='word_1_380' title='bbox 1083 3975 1144 4029; x_wconf 81' lang='lat' dir='ltr'>etat</span> <span class='ocrx_word' id='word_1_381' title='bbox 1160 3977 1199 4030; x_wconf 85' lang='lat' dir='ltr'>od</span> <span class='ocrx_word' id='word_1_382' title='bbox 1209 3975 1354 4032; x_wconf 77' lang='lat' dir='ltr'>l’aotivitd</span> <span class='ocrx_word' id='word_1_383' title='bbox 1369 3975 1433 4031; x_wconf 89' lang='lat' dir='ltr'>hu-</span> 
     </span>
     <span class='ocr_line' id='line_1_45' title="bbox 370 4045 1432 4174; baseline -0.005 -67"><span class='ocrx_word' id='word_1_384' title='bbox 370 4053 529 4134; x_wconf 80' lang='lat' dir='ltr'>epremier</span> <span class='ocrx_word' id='word_1_385' title='bbox 538 4055 633 4106; x_wconf 87' lang='lat' dir='ltr'>terme</span> <span class='ocrx_word' id='word_1_386' title='bbox 648 4050 737 4125; x_wconf 84' lang='lat' dir='ltr'>d&#39;unc</span> <span class='ocrx_word' id='word_1_387' title='bbox 750 4065 816 4105; x_wconf 91' lang='lat' dir='ltr'>com</span> <span class='ocrx_word' id='word_1_388' title='bbox 840 4064 871 4102; x_wconf 91' lang='lat' dir='ltr'>a·</span> <span class='ocrx_word' id='word_1_389' title='bbox 916 4045 1017 4126; x_wconf 75' lang='lat' dir='ltr'>maine</span> <span class='ocrx_word' id='word_1_390' title='bbox 1028 4045 1160 4101; x_wconf 90' lang='lat' dir='ltr'>n&#39;aurait</span> <span class='ocrx_word' id='word_1_391' title='bbox 1175 4061 1280 4102; x_wconf 87' lang='lat' dir='ltr'>encore</span> <span class='ocrx_word' id='word_1_392' title='bbox 1291 4047 1432 4174; x_wconf 75' lang='lat' dir='ltr'>rienpro-</span> 
     </span>
     <span class='ocr_line' id='line_1_46' title="bbox 359 4115 1433 4191; baseline -0.004 -13"><span class='ocrx_word' id='word_1_393' title='bbox 359 4139 472 4191; x_wconf 77' lang='lat' dir='ltr'>parson,</span> <span class='ocrx_word' id='word_1_394' title='bbox 494 4118 570 4178; x_wconf 91' lang='lat' dir='ltr'>dont</span> <span class='ocrx_word' id='word_1_395' title='bbox 583 4119 611 4177; x_wconf 91' lang='lat' dir='ltr'>le</span> <span class='ocrx_word' id='word_1_396' title='bbox 623 4136 693 4185; x_wconf 84' lang='lat' dir='ltr'>sens</span> <span class='ocrx_word' id='word_1_397' title='bbox 706 4123 751 4175; x_wconf 85' lang='grc'>661</span> <span class='ocrx_word' id='word_1_398' title='bbox 768 4135 826 4190; x_wconf 81' lang='lat' dir='ltr'>exp</span> <span class='ocrx_word' id='word_1_399' title='bbox 843 4119 870 4186; x_wconf 68' lang='lat' dir='ltr'>f·</span> <span class='ocrx_word' id='word_1_400' title='bbox 917 4115 985 4171; x_wconf 84' lang='lat' dir='ltr'>dun</span> <span class='ocrx_word' id='word_1_401' title='bbox 1003 4115 1043 4169; x_wconf 94' lang='lat' dir='ltr'>du</span> <span class='ocrx_word' id='word_1_402' title='bbox 1060 4118 1137 4172; x_wconf 84' lang='lat' dir='ltr'>tout.</span> <span class='ocrx_word' id='word_1_403' title='bbox 1148 4117 1198 4181; x_wconf 86' lang='lat' dir='ltr'>Or,</span> <span class='ocrx_word' id='word_1_404' title='bbox 1224 4117 1317 4173; x_wconf 79' lang='grc'><strong>(16616</strong></span> <span class='ocrx_word' id='word_1_405' title='bbox 1337 4118 1356 4172; x_wconf 87' lang='grc'>(1</span> <span class='ocrx_word' id='word_1_406' title='bbox 1375 4119 1433 4175; x_wconf 87' lang='lat' dir='ltr'>but</span> 
     </span>
     <span class='ocr_line' id='line_1_47' title="bbox 360 4187 1433 4265; baseline -0.004 -16"><span class='ocrx_word' id='word_1_407' title='bbox 360 4192 419 4265; x_wconf 79' lang='lat' dir='ltr'>que</span> <span class='ocrx_word' id='word_1_408' title='bbox 443 4209 517 4265; x_wconf 89' lang='lat' dir='ltr'>par:</span> <span class='ocrx_word' id='word_1_409' title='bbox 545 4198 638 4262; x_wconf 84' lang='lat' dir='ltr'>turpe</span> <span class='ocrx_word' id='word_1_410' title='bbox 662 4191 764 4246; x_wconf 84' lang='lat' dir='ltr'>etium</span> <span class='ocrx_word' id='word_1_411' title='bbox 784 4191 870 4244; x_wconf 79' lang='lat' dir='ltr'>illud</span> <span class='ocrx_word' id='word_1_412' title='bbox 916 4187 939 4242; x_wconf 89' lang='lat' dir='ltr'>il</span> <span class='ocrx_word' id='word_1_413' title='bbox 956 4201 1105 4256; x_wconf 88' lang='lat' dir='ltr'>suppose:</span> <span class='ocrx_word' id='word_1_414' title='bbox 1123 4203 1206 4258; x_wconf 82' lang='lat' dir='ltr'>quae</span> <span class='ocrx_word' id='word_1_415' title='bbox 1217 4191 1286 4244; x_wconf 81' lang='lat' dir='ltr'>siut</span> <span class='ocrx_word' id='word_1_416' title='bbox 1297 4190 1336 4244; x_wconf 78' lang='lat' dir='ltr'>ab</span> <span class='ocrx_word' id='word_1_417' title='bbox 1351 4190 1433 4245; x_wconf 75' lang='lat' dir='ltr'>aliis</span> 
     </span>
     <span class='ocr_line' id='line_1_48' title="bbox 361 4259 1433 4336; baseline -0.002 -16"><span class='ocrx_word' id='word_1_418' title='bbox 361 4268 419 4328; x_wconf 88' lang='lat' dir='ltr'>est,</span> <span class='ocrx_word' id='word_1_419' title='bbox 434 4279 471 4322; x_wconf 88' lang='lat' dir='ltr'>on</span> <span class='ocrx_word' id='word_1_420' title='bbox 491 4263 656 4336; x_wconf 77' lang='lat' dir='ltr'>suppleant</span> <span class='ocrx_word' id='word_1_421' title='bbox 675 4264 732 4316; x_wconf 84' lang='lat' dir='ltr'>ita.</span> <span class='ocrx_word' id='word_1_422' title='bbox 745 4260 826 4316; x_wconf 86' lang='lat' dir='ltr'>C&#39;est</span> <span class='ocrx_word' id='word_1_423' title='bbox 840 4260 871 4315; x_wconf 85' lang='lat' dir='ltr'>la</span> <span class='ocrx_word' id='word_1_424' title='bbox 918 4259 1076 4323; x_wconf 64' lang='lat' dir='ltr'>succuum</span> <span class='ocrx_word' id='word_1_425' title='bbox 1098 4264 1128 4313; x_wconf 86' lang='lat' dir='ltr'>et</span> <span class='ocrx_word' id='word_1_426' title='bbox 1150 4259 1173 4313; x_wconf 92' lang='lat' dir='ltr'>il</span> <span class='ocrx_word' id='word_1_427' title='bbox 1199 4276 1221 4331; x_wconf 87' lang='lat' dir='ltr'><strong>y</strong></span> <span class='ocrx_word' id='word_1_428' title='bbox 1246 4260 1367 4316; x_wconf 83' lang='lat' dir='ltr'>rovient</span> <span class='ocrx_word' id='word_1_429' title='bbox 1392 4261 1433 4318; x_wconf 89' lang='lat' dir='ltr'>ici</span> 
     </span>
     <span class='ocr_line' id='line_1_49' title="bbox 359 4330 1290 4404; baseline -0.003 -13"><span class='ocrx_word' id='word_1_430' title='bbox 359 4335 568 4392; x_wconf 88' lang='lat' dir='ltr'>construction</span> <span class='ocrx_word' id='word_1_431' title='bbox 588 4331 707 4389; x_wconf 83' lang='lat' dir='ltr'>usualle</span> <span class='ocrx_word' id='word_1_432' title='bbox 721 4347 759 4388; x_wconf 90' lang='lat' dir='ltr'>en</span> <span class='ocrx_word' id='word_1_433' title='bbox 774 4330 872 4404; x_wconf 86' lang='lat' dir='ltr'>parcil</span> <span class='ocrx_word' id='word_1_434' title='bbox 919 4343 993 4384; x_wconf 85' lang='lat' dir='ltr'>sous</span> <span class='ocrx_word' id='word_1_435' title='bbox 1007 4343 1067 4383; x_wconf 89' lang='lat' dir='ltr'>une</span> <span class='ocrx_word' id='word_1_436' title='bbox 1081 4334 1168 4387; x_wconf 84' lang='lat' dir='ltr'>autre</span> <span class='ocrx_word' id='word_1_437' title='bbox 1183 4330 1290 4390; x_wconf 82' lang='lat' dir='ltr'>forme.</span> 
     </span>
    </p>
   </div>
   <div class='ocr_carea' id='block_1_5' title="bbox 0 0 1681 5159">
    <p class='ocr_par' dir='ltr' id='par_1_7' title="bbox 0 0 1681 5159">
     <span class='ocr_line' id='line_1_50' title="bbox 0 0 1681 5159; baseline 0 0"><span class='ocrx_word' id='word_1_438' title='bbox 0 0 1681 5159; x_wconf 95' lang='lat' dir='ltr'> </span> 
     </span>
    </p>
   </div>
   <div class='ocr_carea' id='block_1_6' title="bbox 1655 2551 1662 3347">
    <p class='ocr_par' dir='ltr' id='par_1_8' title="bbox 1655 2551 1662 3347">
     <span class='ocr_line' id='line_1_51' title="bbox 1655 2551 1662 3347; baseline 0 0"><span class='ocrx_word' id='word_1_439' title='bbox 1655 2551 1662 3347; x_wconf 95' lang='lat' dir='ltr'> </span> 
     </span>
    </p>
   </div>
  </div>
 </body>
</html>
