3317 5159
823 303 1000 368 ..100-

440 458 496 515 aut
516 451 705 513 desideretur
728 456 782 511 aut
804 449 1056 530 reprehendatur.
1074 449 1133 511 Sed
1157 448 1249 510 etiam
1267 448 1321 528 qui
1335 467 1456 510 summa

378 552 420 614 10
439 571 501 613 non
520 551 675 630 adpetant,
694 547 879 610 contendere
902 545 1002 626 potius
1023 566 1117 626 quam
1138 547 1224 626 sequi
1238 547 1361 608 debent.
1377 549 1456 608 Nam

439 649 493 728 qui
515 650 573 709 hoc
596 647 670 725 agit,
686 651 721 707 ut
744 647 827 726 prior
850 645 901 720 sit,
916 645 1055 721 forsitan,
1070 647 1189 707 etiamsi
1210 666 1272 707 non
1289 645 1455 722 transierit,

439 745 592 824 aequabit.
609 744 689 804 Eum
703 762 774 803 vero
788 761 879 802 nemo
892 747 990 821 potest
1002 742 1241 822 aequare,cujus
1255 741 1390 819 vestigiis
1399 741 1456 802 sihi

440 844 548 922 utique
560 840 764 902 insistendum
778 846 884 920 putat:
901 859 1024 900 neeesse
1038 846 1085 901 est
1099 841 1181 901 enim
1197 860 1318 920 semper
1332 841 1372 900 sit
1390 859 1458 920 pos-

440 943 533 1002 terior
551 941 603 1020 qui
625 940 773 1019 sequitur.
790 938 877 1000 Adde
897 939 975 1017 quod
996 940 1176 1019 plerumque
1195 940 1314 1000 facilius
1329 945 1375 1000 est
1388 940 1458 1019 plus

440 1042 540 1101 facere
553 1057 646 1117 quam
661 1037 762 1098 idem:
779 1043 895 1098 tantam
910 1037 994 1098 enim
1009 1038 1219 1098 difficultatem
1240 1037 1332 1098 hahet
1347 1037 1458 1098 simili-

439 1137 525 1212 tudo,
540 1143 575 1197 ut
589 1155 629 1196 ne
643 1137 708 1215 ipsa
723 1135 848 1214 quidem
861 1142 972 1196 natura
986 1135 1018 1195 in
1037 1136 1094 1195 hoc
1116 1136 1158 1196 ita
1176 1136 1332 1212 evaluerit‚
1348 1142 1458 1196 utnon

439 1250 488 1292 res
501 1249 580 1310 quae
601 1230 773 1290 simillimae
792 1247 931 1308 quaeque
951 1248 1039 1308 pares
1054 1230 1186 1289 maxime
1206 1230 1377 1306 videantur,
1392 1229 1456 1289 uti-

439 1348 499 1408 que
521 1327 698 1388 discrimine
721 1326 821 1406 aliquo
844 1327 1068 1388 discernantur.
1092 1328 1179 1388 Adde
1201 1329 1294 1406 quod,
1309 1328 1458 1409 quidquid

440 1428 527 1487 alteri
542 1426 640 1486 simile
654 1431 712 1502 est,
729 1443 854 1485 necesse
867 1431 913 1485 est
928 1425 1032 1485 minus
1047 1425 1086 1486 sit
1101 1445 1147 1503 eo,
1163 1428 1243 1504 quod
1259 1427 1408 1504 imitatur,
1424 1433 1460 1486 ut

381 1523 418 1587 11
442 1524 551 1584 umbra
566 1541 690 1602 corpore
704 1527 735 1582 et
747 1521 848 1599 imago
862 1521 939 1582 faeie
952 1528 982 1582 et
1003 1528 1089 1583 aetus
1107 1523 1292 1583 histrionum
1306 1524 1386 1584 veris
1400 1523 1457 1584 ad-

441 1621 582 1682 fectibus.
609 1619 696 1693 Quod
719 1620 752 1680 in
775 1619 962 1680 orationibus
985 1639 1105 1699 quoque
1126 1622 1237 1682 evenit.
1253 1623 1395 1700 Namque
1408 1623 1457 1701 iis,

439 1719 566 1798 quaein
587 1719 762 1798 exemplum
780 1716 987 1793 adsumimus,
1004 1719 1109 1779 subest
1130 1725 1289 1780 naturaei
1309 1740 1380 1781 vera
1402 1721 1458 1796 viS,

363 1875 368 1883 .
442 1823 547 1878 contra
564 1817 664 1877 omnis
682 1816 810 1877 imitatio
834 1816 912 1876 facta
934 1822 981 1876 est
1003 1823 1033 1877 et
1054 1816 1091 1877 ad
1115 1817 1249 1880 alienum
1272 1819 1460 1898 propositum

381 1914 421 1976 12
441 1915 697 1977 accommodatur.
714 1915 830 1988 Quom
845 1919 879 1975 ut
893 1915 997 1975 minus
1012 1915 1170 1992 sanguinis
1184 1935 1219 1976 ac
1234 1915 1345 1977 virium
1360 1918 1457 1978 decla·

443 2014 591 2075 mationes
605 2012 739 2073 habeant
752 2031 846 2090 quam
861 2012 1024 2090 orationes,
1039 2014 1119 2091 quod
1134 2013 1166 2074 in
1181 2014 1241 2074 illis
1262 2035 1344 2090 vera,
1361 2016 1393 2077 in
1412 2016 1461 2077 his

443 2111 613 2171 adsimilata
637 2108 764 2169 materia
791 2115 853 2170 est.
882 2111 969 2171 Adde
996 2111 1077 2188 quod
1105 2130 1153 2184 ea,
1178 2130 1256 2190 quae
1284 2113 1316 2174 in
1344 2118 1460 2174 oratore

445 2208 578 2268 maxima
590 2213 674 2284 sunt,
690 2206 849 2267 imitabilia
871 2227 932 2267 non
952 2214 1035 2285 sunt,
1056 2209 1226 2287 ingenium,
1243 2211 1387 2288 inventio,
1403 2213 1458 2288 vis,

444 2306 572 2367 facilitas
598 2310 628 2365 et
653 2304 802 2383 quidquid
826 2312 891 2367 arte
915 2326 976 2366 non
999 2307 1140 2368 traditur.
1157 2309 1288 2388 Ideoque
1312 2311 1458 2392 plerique,

385 2461 470 2517 alios
508 2458 659 2523 densius,
692 2460 783 2526 apud
814 2461 899 2516 ulios
947 2475 1004 2528 con
1022 2459 1075 2516 des
1091 2460 1246 2518 meilleurs
1262 2462 1332 2528 Ma..
1351 2463 1461 2533 faeere
1520 2509 1524 2520 .

383 2533 524 2604 sortasse
540 2530 666 2585 rarius.
948 2533 1043 2602 ayant
1059 2532 1286 2603 fraquemment
1300 2533 1329 2591 le
1345 2551 1415 2592 sens
1425 2536 1462 2592 de

416 2598 898 2674 10.Summu.Gf.I‚19.prooem:
947 2603 1124 2675 finpere5il
1144 2621 1162 2658 a
1183 2605 1316 2662 subsiste
1336 2607 1414 2663 dans
1434 2607 1463 2663 le

385 2675 485 2730 Nobis
499 2674 543 2728 ad
555 2686 684 2727 sumum
697 2675 899 2727 tendendum
948 2677 1013 2729 mot
1027 2675 1162 2742 francais
1180 2677 1311 2746 fuctiee,
1328 2679 1381 2751 qui
1395 2695 1463 2734 eon·

387 2745 640 2810 est;...altius...
661 2744 756 2797 ibunt
774 2745 832 2813 qui
855 2746 900 2799 ad
947 2745 1034 2800 vient
1046 2745 1095 2801 ici.
1385 2747 1389 2754 “

386 2830 519 2873 summa
538 2816 702 2870 nitentur.
983 2819 1029 2871 12.
1057 2819 1251 2887 Sanquinis.
1275 2819 1323 2876 Cf.
1348 2822 1377 2887 1,
1402 2820 1438 2877 60
1454 2836 1461 2876 :

429 2887 543 2956 Utique
580 2909 612 2934 =
648 2887 739 2942 omni
782 2887 901 2952 modo,·
948 2889 1140 2943 Plurimum
1162 2893 1337 2960 sanquinis
1365 2897 1463 2963 atque

387 2957 673 3024 eveelaneqation:
691 2958 899 3013 nullomodo.
950 2974 1126 3014 neruorum
1152 2961 1196 3032 (in
1219 2963 1424 3035 Archilocho),
1434 2966 1464 3019 et

387 3031 460 3088 Snn.
476 3032 533 3098 Ep.
547 3027 585 3084 85
599 3029 822 3097 :puhernatori
830 3043 902 3096 pro
948 3030 1021 3085 115:
1043 3045 1157 3085 verum
1172 3034 1372 3103 sanquinem
1391 3051 1464 3105 per-

382 3103 531 3172 posilum
544 3103 593 3154 est
606 3101 848 3169 utiquenavem
865 3101 901 3154 in
950 3102 1073 3157 didisse
1090 3101 1254 3177 (Calvum).

382 3178 518 3243 portum
533 3173 723 3238 perducere.
985 3174 1026 3227 In
1051 3174 1158 3239 illis...
1183 3177 1219 3230 in
1244 3178 1305 3232 lu's.
1336 3175 1394 3234 Les
1410 3178 1465 3234 do-

423 3242 903 3298 Diserimine...'discernantur
950 3245 1143 3300 monstratifs
1158 3250 1229 3302 sont
1254 3249 1293 3304 ici
1308 3249 1465 3322 employis

394 3312 627 3384 ..Negligenee
655 3311 692 3367 de
726 3311 822 3383 style:
865 3313 902 3368 de
951 3315 969 3369 d
996 3315 1138 3386 rehours;
1167 3317 1322 3392 lorsqu'on
1351 3335 1465 3394 oppose

389 3390 488 3442 meme
503 3385 588 3438 adde
603 3385 697 3453 quod,
708 3384 903 3455 repeteaune
950 3385 1031 3440 deux
1054 3387 1152 3458 objets
1172 3406 1229 3462 par
1244 3393 1296 3447 hic
1316 3395 1346 3447 61
1361 3393 1427 3460 ille,
1443 3390 1466 3446 il

389 3458 501 3530 phrase
522 3454 559 3509 de
574 3453 736 3524 distance,
760 3454 830 3526 puis
854 3472 904 3511 en·
951 3460 1025 3528 peut
1046 3457 1160 3514 arriver
1183 3476 1242 3532 que
1266 3463 1465 3534 diedesigne,

391 3543 460 3585 eore
474 3541 517 3582 un
532 3525 813 3598 peuplushas,12.
951 3543 1014 3584 non
1057 3528 1135 3585 celui
1168 3532 1221 3603 qui
1253 3539 1300 3589 est
1331 3533 1360 3590 16
1397 3534 1467 3606 plus

426 3599 475 3654 11.
498 3600 597 3652 Actus
619 3598 840 3652 histrionum:
861 3597 904 3650 Le
952 3600 1119 3684 rapproehi
1141 3604 1466 3672 grammaticalement.

393 3673 447 3726 r'eu
460 3673 516 3725 des
530 3672 672 3723 acteurs.
686 3666 733 3723 Cf.
749 3668 801 3737 VI,
815 3665 903 3731 2.35:
952 3685 1031 3725 mars
1046 3671 1123 3728 celui
1160 3675 1191 3728 ui
1206 3674 1274 3731 l'est
1289 3675 1325 3732 de
1340 3676 1372 3732 la
1396 3691 1468 3750 pen·

393 3743 464 3797 vidi
479 3755 535 3809 epo
549 3753 641 3807 saepe
657 3739 833 3794 histriones
852 3742 907 3792 ut·
953 3742 1012 3797 see.
1027 3741 1074 3798 Cf.
1089 3742 1127 3798 K.
1138 3689 1183 3808 ll,
1199 3747 1262 3810 454,
1277 3747 1305 3804 5.

394 3828 455 3884 que
470 3812 729 3874 comedendum
740 3826 782 3866 ece
793 3812 907 3879 aliquo
988 3816 1065 3868 Arte
1081 3829 1146 3870 non
1166 3820 1331 3873 traditur:
1352 3835 1386 3876 ee
1410 3819 1468 3890 qui

395 3885 547 3955 praviore
566 3887 641 3937 actu
656 3896 836 3949 personam
857 3883 907 3936 de·
955 3899 995 3938 ne
1018 3887 1190 3954 s’apprend
1210 3904 1273 3957 pas
1301 3889 1322 3946 d
1352 3893 1467 3947 l’ieole.

391 3955 581 4026 posuissent
628 3954 744 4022 fientes
798 3954 907 4008 adnue
955 3955 1036 4010 Pour
1056 3955 1084 4011 le
1108 3957 1182 4013 fond
1197 3958 1412 4034 delapensee,
1429 3962 1467 4017 ef.

395 4027 516 4097 epredi.
955 4025 1095 4091 Burrou,
1119 4031 1201 4086 Dise.
1226 4048 1286 4086 sur
1310 4035 1339 4089 le
1364 4036 1470 4102 style:

427 4100 561 4153 Natura
582 4100 614 4151 el
637 4110 715 4151 vera
741 4096 790 4150 uis
819 4093 909 4167 equi·
958 4096 1029 4152 «lls
1054 4101 1231 4157 travaillent
1252 4119 1306 4158 sur
1330 4103 1375 4160 les
1390 4108 1470 4160 mols

397 4171 501 4226 vaula
517 4184 523 4223 :
539 4169 710 4222 naturalis
726 4172 770 4223 et.
781 4211 806 4224 ..
956 4171 986 4222 et
1000 4168 1195 4242 s'imagdnent
1221 4175 1308 4229 avoir
1331 4176 1470 4232 combine

433 4243 553 4304 Facem·
580 4237 736 4293 d'autres:
766 4240 855 4310 field.
883 4237 909 4293 11
956 4238 1009 4294 des
1034 4240 1127 4312 idias,
1143 4259 1232 4316 parce
1246 4245 1337 4318 qu'ils
1352 4251 1406 4303 ont
1418 4263 1471 4302 ar-

398 4311 477 4384 n’ya
490 4325 547 4384 pas
562 4308 625 4365 lieu
638 4308 675 4365 de
689 4307 798 4381 rejeter
811 4309 842 4364 la
862 4307 910 4365 le·
955 4313 1050 4383 range.
1064 4313 1116 4369 dee
1130 4314 1268 4387 phrases,
1284 4321 1340 4374 ete.
1354 4339 1365 4368 ι
