3317 5159
742 341 923 442 -1237

290 495 360 558 tius
372 516 465 557 usum
479 496 589 575 exiget,
604 515 682 576 quae
697 501 731 557 ut
741 495 850 575 juvant
864 495 961 556 aciem
980 495 1022 556 ita
1038 494 1145 556 crebra
1158 475 1313 573 relatione,

293 597 397 674 quoad
416 596 612 674 intinguntur
636 595 756 671 calami,
781 599 940 655 moraniur
963 600 1135 656 manumet
1165 595 1317 672 cogitatio-

297 695 348 756 nis
366 696 516 775 impetum
544 696 699 772 frangunt.
730 693 960 772 Relinquendae
990 698 1093 753 antem
1120 693 1152 753 in
1175 692 1316 754 utrolibet
1337 693 1376 754 32

298 812 409 872 genere
423 800 530 866 contra,
551 798 642 854 erunt
663 811 775 853 vacuae
795 791 934 870 tabellae,
960 791 1119 871 inquibus
1143 791 1239 852 libera
1252 792 1316 852 adi-

298 893 404 953 ciendo
419 893 459 952 sit
472 893 621 952 excursio.
644 892 724 952 Nam
739 891 862 952 interim
883 891 1038 970 pigritiam
1058 890 1240 950 emendandi
1263 909 1317 950 an-

298 991 415 1068 gustiae
429 990 546 1051 faciunt
560 995 613 1050 aut
626 996 707 1051 certe
722 1008 869 1052 novorum
884 989 1113 1070 interpositione
1129 990 1229 1069 priora
1239 1007 1315 1049 oon-

298 1089 437 1151 fundant.
453 1089 500 1149 Ne
513 1088 589 1150 latas
603 1089 727 1168 quidem
742 1088 957 1149 ultramodum
969 1106 1036 1147 esse
1052 1106 1137 1148 ceras
1151 1087 1253 1167 velim,
1265 1105 1316 1146 ex.-
1371 1161 1374 1165 λ

298 1194 402 1269 pertus
410 1187 555 1266 juvenem
577 1186 748 1247 studiosum
766 1187 877 1265 alioqui
900 1185 1076 1265 praelongos
1090 1185 1235 1268 habuisse
1251 1204 1314 1245 ser·
1342 1257 1345 1263 Δ

298 1305 415 1364 moneS,
436 1286 507 1365 quia
526 1285 592 1345 illos
615 1304 744 1346 numero
768 1304 913 1347 versuum
938 1284 1131 1360 metiebatur,
1162 1284 1253 1362 idque
1272 1284 1316 1344 vi-

299 1387 388 1462 tium,
404 1384 484 1464 quod
498 1383 650 1464 frequenti
664 1384 868 1445 admonitione
883 1383 992 1460 corrigi
1007 1400 1068 1443 non
1083 1387 1231 1462 potuerat,
1247 1401 1316 1442 mu-

298 1485 368 1544 tatis
385 1482 540 1544 codicibus
564 1502 631 1544 esse
662 1483 828 1544 sublatum.
854 1481 950 1542 Debet
970 1499 1076 1542 vacare
1104 1481 1195 1542 etiam
1217 1481 1312 1557 locus,
1335 1481 1375 1540 33

298 1584 331 1644 in
345 1599 405 1661 quo
419 1587 563 1642 notentur
575 1599 653 1660 qnae
676 1580 881 1641 scribentibus
903 1580 1000 1640 solent
1013 1585 1098 1641 extra
1116 1580 1267 1653 ordinem,
1284 1580 1315 1640 id

298 1687 345 1742 est
357 1700 395 1741 ex
409 1681 488 1758 aliis,
503 1698 596 1758 quam
610 1681 663 1758 qui
687 1680 806 1741 suntin
831 1679 974 1740 manibus
995 1679 1065 1754 loci,
1084 1697 1254 1739 occurrere.
1272 1679 1317 1738 Ir-

299 1785 449 1861 rumpunt
476 1780 559 1840 enirn
596 1779 701 1859 optimi
744 1797 966 1857 nonnunquam
1005 1796 1125 1853 sensuS,
1159 1796 1234 1856 quos
1262 1795 1315 1837 ne·

295 1983 451 2039 brouillon
460 1983 505 2040 166
519 1989 650 2040 ceratae
666 1986 808 2051 tabulae,
893 1984 939 2040 32.
963 1985 1004 2038 In
1031 1985 1205 2040 utrolibet:
1231 1983 1323 2056 qn'on
1343 1999 1375 2039 66

297 2059 327 2110 et
340 2071 418 2127 pour
431 2055 462 2110 la
481 2055 672 2127 publication
700 2059 808 2122 memo,
860 2071 947 2111 serve
971 2055 1176 2112 (16-1616161166
1200 2070 1241 2111 ou
1256 2054 1293 2110 (16
1308 2071 1376 2128 par-

296 2126 325 2181 16
338 2141 486 2199 papyrus.
503 2127 537 2184 V.
553 2127 643 2192 er,
660 2128 721 2183 dna
748 2142 810 2182 an·
859 2127 990 2183 chemin.
1006 2159 1043 2167 —
1056 2128 1193 2183 Contra:
1209 2142 1248 2182 en
1267 2127 1376 2198 regard

298 2199 363 2252 tilae
377 2199 584 2262 Bncbweren‚
600 2199 679 2270 Kap.
695 2199 723 2266 2,
740 2214 811 2254 sur·
859 2198 896 2255 (16
910 2198 941 2253 16
956 2197 1053 2271 partie
1066 2198 1168 2254 ecrite.

296 2272 408 2341 toutp.
424 2270 595 2326 58etsu1v.
620 2269 808 2342 Cependant,
894 2269 1092 2326 Adiciendo:
1110 2270 1191 2325 Avec
1210 2267 1242 2324 la
1268 2267 1375 2324 raleur

296 2356 414 2396 comme
429 2355 469 2396 on
491 2340 518 2396 16
539 2342 605 2397 voit
618 2357 674 2414 par
688 2357 721 2397 ce
757 2357 810 2396 as·
859 2342 931 2397 d’un
957 2341 1128 2397 substantii
1149 2339 1267 2408 verbal,
1288 2356 1375 2396 com-

295 2415 414 2538 aar
447 2359 808 2545 narrandae
858 2412 1233 2540 1166666166
1257 2427 1376 2538 nr

295 2553 332 2610 10
343 2557 373 2608 et
386 2553 462 2631 Car.
478 2525 577 2623 xx'n,
592 2555 633 2622 5),
649 2571 689 2610 on
704 2525 737 2610 sd
750 2525 810 2611 ser3
859 2501 939 2611 tdes:
957 2556 1125 2612 adicienti.
1150 2525 1157 2551 ⁹
1189 2525 1196 2551 ⁹

295 2625 361 2682 vait
375 2626 459 2680 aussi
474 2626 511 2681 de
532 2627 710 2698 parchemin
754 2641 810 2681 our
893 2629 1100 2697 Angustiae:
1124 2625 1153 2682 16
1177 2642 1310 2699 manquo
1337 2627 1374 2682 de

295 2695 340 2752 les
361 2695 545 2762 brouillons,
568 2697 640 2753 saul
660 2699 679 2753 6
702 2713 718 2752 6
742 2713 811 2752 acer
858 2697 954 2771 place.
995 2730 1031 2738 —
1061 2699 1305 2765 Confundant:
1335 2714 1376 2754 au

295 2766 405 2851 l'enore
429 2768 567 2835 ensuite,
595 2769 657 2824 nfin
681 2768 718 2823 de
747 2769 810 2823 s'en
859 2769 1036 2840 subjunctis,
1051 2769 1248 2840 n'indiquant
1263 2769 1376 2851 qu'une

296 2853 394 2894 servrr
416 2839 453 2894 de
476 2854 639 2897 nouveau:
660 2841 810 2909 palimp-
859 2839 968 2913 simplo
991 2839 1174 2914 possibilite,
1191 2839 1375 2924 laudisque

296 2915 413 2966 aestus.
858 2912 1002 2981 faciunt,
1032 2911 1110 2968 dans
1124 2911 1155 2966 la
1184 2915 1376 3037 prop0a1t1on

1166 2997 1185 3037 a

331 2982 458 3051 Eminet.
482 2980 525 3038 Le
548 2981 635 3036 futur
654 2981 691 3036 de
705 2980 811 3036 l'indi-
858 2982 1048 3056 precedente,
1078 2983 1165 3038 const
1200 2997 1278 3037 eun
1306 2982 1374 3038 fait.

296 3053 373 3107 catis
405 3069 446 3107 au
483 3051 544 3108 lieu
572 3051 614 3107 du
643 3052 813 3125 subjunctis
894 3056 1053 3110 Jnnencm
1068 3055 1266 3110 studiorum.
1282 3053 1329 3110 cf.
1346 3055 1374 3122 1,

295 3125 429 3197 present,
458 3123 616 3196 beaucoup
650 3123 720 3197 plus
746 3124 811 3180 ire·
857 3125 894 3182 45
909 3125 1123 3182 aveclanote.

296 3198 401 3268 quent.
430 3196 506 3250 Nisi
534 3194 620 3265 forte
647 3198 726 3251 n’est
754 3210 810 3268 pas
900 3199 1067 3254 Varenum.
1095 3195 1142 3252 Cf.
1170 3196 1198 3266 l,
1224 3195 1261 3252 38
1287 3199 1316 3252 et
1343 3195 1375 3252 la

246 3307 251 3316 ,
294 3267 446 3339 nonique,
471 3281 589 3323 comme
612 3266 640 3331 1,
656 3267 691 3322 70
705 3269 736 3322 et
750 3266 811 3322 ail-
860 3272 942 3324 note.
1314 3317 1316 3322 Α

295 3338 388 3394 leurs.
416 3337 462 3393 De
476 3341 574 3393 meme
588 3335 625 3403 V,
638 3337 668 3404 2,
683 3337 702 3393 2
718 3354 724 3394 :
747 3341 811 3394 Re·
893 3339 938 3395 33.
955 3340 1096 3396 Locus...
1111 3338 1182 3406 loci,
1199 3337 1376 3411 negligence

295 3410 463 3481 fellnntnr
485 3413 599 3464 antem
617 3409 809 3481 (prejudicia)
859 3410 999 3466 d'autant
1019 3408 1090 3484 plus
1115 3409 1247 3466 sensible
1274 3425 1333 3483 que
1347 3410 1376 3467 le
1428 3466 1430 3470 ,

295 3497 374 3538 raro
392 3481 810 3550 pencontnmeliamjndc'-
859 3481 992 3554 premier
1019 3482 1069 3537 n'a
1095 3498 1154 3554 que
1175 3481 1207 3538 la
1227 3481 1377 3554 significa-

296 3551 563 3620 comminiscere
580 3551 762 3623 manifesta
773 3555 810 3608 in
859 3553 924 3609 tion
938 3568 1037 3625 vagno
1065 3553 1102 3610 de
1113 3555 1207 3622 place
1235 3555 1325 3622 libre,
1347 3556 1376 3609 et

296 3625 340 3680 iia
352 3626 451 3691 culpa
467 3625 542 3680 crit.
859 3641 919 3696 que
933 3623 961 3680 le
978 3625 1089 3681 second
1102 3624 1240 3681 s'entend
1255 3625 1308 3680 (166
1327 3625 1376 3680 de-

332 3696 481 3751 Relnta'o:
497 3697 695 3750 monvement
710 3693 747 3750 de
762 3709 811 3750 re·
858 3695 1093 3769 veloppements
1108 3696 1267 3753 oratoires.

297 3762 370 3821 tirer
383 3765 414 3820 la
428 3767 524 3822 main.
538 3765 584 3822 Ne
604 3781 636 3821 66
651 3771 811 3822 rencontro
894 3770 1089 3823 Notentnr:
1132 3767 1263 3839 prendre
1293 3768 1375 3835 note,

297 3852 370 3893 avec
398 3841 475 3893 cette
511 3836 717 3908 signification
740 3837 811 3910 spe·
860 3855 933 3894 sans
948 3838 1153 3911 signification
1169 3837 1374 3894 delavorahle.

296 3907 372 3964 ciale
382 3909 454 3992 qu'e
464 3908 645 3981 cetteplace.
858 3910 904 3966 De
929 3914 1028 3967 meme
1052 3910 1135 3967 Hon.
1167 3912 1202 3966 A.
1232 3912 1271 3966 P.
1300 3909 1376 3966 156.-

332 3982 578 4050 Intanpnntnr:
598 3978 810 4047 dansl’encre‚
858 3983 986 4038 Aetatis
1035 3985 1192 4054 cujusque
1236 3983 1376 4037 notandi

297 4056 527 4108 atramentum
550 4052 720 4118 librorum,
737 4051 812 4108 faite
860 4058 940 4110 runt
957 4055 1015 4108 libi
1034 4068 1148 4110 morer.

297 4123 425 4178 avecdu
445 4122 513 4177 noir
536 4121 572 4177 de
593 4123 695 4178 fumee
716 4126 746 4178 et
769 4139 812 4178 un
893 4126 1111 4193 Irrumpunc:
1134 4141 1166 4182 66
1196 4125 1377 4197 presentent

295 4193 412 4264 liquide
461 4194 592 4263 omme3
642 4194 812 4266 uelqueiois
859 4195 1107 4264 dl’improntrtc
1120 4201 1149 4252 et
1160 4213 1224 4253 non
1233 4214 1290 4270 pas
1300 4211 1377 4252 accc

297 4280 371 4321 avec
391 4264 420 4321 le
441 4210 559 4336 liquido
583 4210 698 4337 spdcial
720 4267 757 4321 de
780 4266 812 4321 la
860 4268 1013 4324 violence.
1040 4299 1075 4308 -
1097 4271 1219 4324 Sensus
1246 4290 1278 4345 ,ε
1300 4283 1377 4323 sen-

296 4336 810 4464 6661666666·
861 4337 1375 4480 661666666666

510 4448 518 4477 6
581 4449 588 4472 6
767 4448 775 4464 ·
882 4450 890 4478 6
933 4454 939 4467 ·
1367 4451 1375 4479 6
