3317 5159
830 310 990 377 ..12-

367 466 403 527 at
428 466 557 527 minime
574 467 657 527 fallat
669 467 817 545 legendus
833 474 890 546 est,
907 468 958 528 sed
975 468 1137 546 diligenter
1150 488 1186 530 ac
1205 489 1300 550 paene
1319 471 1356 532 ad
1375 472 1450 533 scri·

425 565 517 627 bendi
533 566 785 642 sollicitudinem;
799 584 856 627 nec
869 585 925 646 per
938 572 1039 647 partes
1053 567 1143 627 modo
1153 570 1317 632 scrutanda
1331 573 1447 651 omnia,

428 663 481 723 sed
497 665 648 743 perlectus
663 664 743 725 liber
757 666 864 743 utique
873 684 911 726 ex
921 666 1039 743 integro
1047 667 1262 748 resumendus,
1275 672 1450 751 praecipue-

429 780 489 842 que
504 764 612 841 oratio,
635 763 725 842 cujus
749 762 878 824 virtutes
900 765 1077 844 frequenter
1097 783 1135 824 ex
1154 766 1306 829 industria
1329 788 1449 849 quoque

433 862 634 923 occultantur.
660 862 756 942 Saepe
781 863 865 923 enirn
886 869 1057 943 praeparat,
1082 863 1265 944 dissimulat,
1287 867 1450 929 insidiatur

429 966 542 1038 orator,
554 979 650 1039 eaque
677 961 710 1021 in
737 962 835 1041 prima
859 968 944 1040 parte
966 961 1093 1022 actionis
1115 962 1200 1041 dicit,
1219 982 1297 1042 quae
1320 973 1393 1027 sunt
1415 968 1448 1028 in

430 1078 552 1121 summa
568 1060 739 1139 profutura.
756 1060 863 1138 Itaque
873 1078 928 1119 suo
941 1059 1006 1119 loco
1020 1060 1124 1121 minus
1138 1061 1267 1140 placent,
1281 1064 1382 1124 adhuc
1395 1085 1449 1125 no-

429 1158 477 1220 his
504 1176 599 1238 quare
623 1158 703 1220 dicta
727 1160 789 1220 sint
812 1158 1035 1236 ignorantibus,
1057 1159 1184 1239 ideoque
1207 1168 1298 1222 amnt
1320 1165 1448 1240 cognitis

429 1257 572 1319 omnibus
589 1258 764 1337 repetenda.
790 1257 869 1318 Illud
884 1276 955 1318 vero
964 1258 1174 1336 utilissimum,
1190 1279 1279 1321 nosse
1298 1280 1349 1322 eas
1371 1281 1446 1323 cau-

433 1374 493 1434 sas,
516 1373 647 1434 quarum
668 1356 818 1416 orationes
838 1355 871 1414 in
892 1374 1002 1415 manus
1022 1357 1236 1434 sumserimus,
1256 1364 1286 1418 et
1308 1361 1448 1438 quotiens
1555 1397 1557 1400 v

372 1455 412 1515 22
433 1454 598 1531 continget,
610 1454 765 1533 utrimque
776 1452 895 1513 habitas
908 1453 1008 1530 legere
1019 1454 1152 1514 actiones
1165 1474 1172 1513 z
1191 1461 1225 1515 ut
1234 1456 1448 1519 Demosthenis

432 1558 463 1612 et
476 1552 637 1613 Aeschinis
646 1552 727 1613 inter
741 1570 773 1612 se
787 1553 965 1629 contrarias,
978 1556 1009 1611 et
1022 1552 1118 1612 Servii
1133 1552 1259 1633 Sulpicii
1269 1561 1360 1633 atque
1369 1556 1449 1617 Mes·

430 1651 522 1729 salae,
551 1668 683 1730 quorum
711 1651 789 1711 alter
814 1669 870 1730 pro
900 1650 1035 1729 Aufidia,
1065 1657 1169 1713 contra
1197 1652 1272 1713 dixit
1297 1653 1449 1733 alter,-et

367 1814 444 1866 vani
459 1812 536 1865 nisi.
553 1810 597 1865 De
612 1812 710 1865 meme
724 1808 795 1882 plus
814 1810 881 1878 baa,
933 1811 971 1864 in
992 1812 1123 1865 Verrem
1139 1813 1197 1866 etc.

367 1882 395 1949 3,
411 1882 464 1937 30:
482 1883 551 1937 nisi
567 1884 604 1936 in
628 1882 806 1937 solitudine
821 1896 884 1935 re·
969 1882 1010 1935 In
1036 1896 1169 1937 summa
1192 1904 1226 1931 :—.
1247 1885 1381 1939 ultima.
1406 1884 1445 1939 cf.

364 1956 477 2023 perire
507 1968 572 2008 non
593 1968 780 2021 possumus.
808 1951 883 2008 Plus
934 1952 1122 2020 111‚2,48:
1149 1956 1339 2009 duodecimo
1355 1956 1448 2011 tiara

369 2025 437 2080 tard
457 2040 496 2079 on
520 2024 566 2079 las
590 2025 663 2079 derit
688 2040 725 2079 en
749 2040 792 2078 un
817 2023 884 2078 seul
934 2026 992 2094 qui
1016 2039 1143 2079 summus
1171 2025 1311 2094 saturus
1331 2033 1379 2081 est
1402 2058 1447 2091 -,

370 2100 444 2163 mot,
482 2097 515 2151 ui
530 2096 682 2151 constitue
697 2112 739 2151 un
751 2095 884 2151 adverbia
935 2095 1074 2167 s’oppose
1097 2095 1323 2167 gendraloment
1345 2098 1448 2166 sipri-

367 2113 527 2223 vdritadtle.
935 2181 1020 2221 mus.

404 2238 885 2295 21.Scribenctisollicit.:arec
969 2237 1015 2293 22.
1035 2240 1260 2295 Demosthenis
1280 2245 1378 2310 atque
1392 2244 1447 2297 Ae-

370 2311 593 2379 l’apptication
615 2312 711 2380 qu'ou
734 2310 885 2364 mettrait
935 2309 1079 2364 schinis.
1111 2309 1170 2365 Les
1196 2310 1278 2366 deux
1309 2312 1447 2368 discours

368 2381 518 2438 adorire.
535 2380 579 2436 La
593 2381 780 2436 correction:
800 2382 885 2436 scri·
935 2395 994 2451 que
1024 2396 1102 2436 nous
1130 2381 1299 2453 possidens
1327 2398 1445 2450 encore,

369 2455 474 2509 dentis
491 2457 537 2508 cst
550 2452 679 2519 inutile;
696 2450 724 2507 la
746 2466 816 2506 sens
838 2455 884 2507 est
934 2467 1013 2578 pour
1027 2456 1057 2507 ot
1071 2456 1175 2508 contro
1187 2453 1355 2525 Ctesiphon
1370 2455 1448 2510 dans

369 2523 455 2579 olair.
471 2523 569 2589 Plias,
584 2527 652 2592 Ep..
667 2523 707 2591 ΙΙ,
723 2524 750 2590 5,
764 2522 791 2589 2,
817 2538 885 2578 em·
947 2525 1084 2595 eproods
1098 2524 1136 2579 de
1150 2523 1182 2579 la
1195 2524 1369 2581 Couronne.
1394 2526 1448 2582 Ci-

369 2595 450 2668 ploio
470 2594 548 2650 dans
569 2594 598 2649 le
622 2598 720 2650 memo
745 2609 812 2649 aas:
835 2596 885 2648 in·
935 2596 1024 2650 odron
1038 2594 1084 2651 les
1098 2595 1182 2650 avait
1195 2596 1328 2652 traduits
1344 2614 1351 2659 ;
1368 2613 1447 2653 nous

370 2669 548 2722 tentionem
563 2668 746 2722 scribentis.
934 2668 1063 2721 n'avons
1076 2665 1147 2739 plus
1162 2682 1222 2738 que
1231 2667 1263 2721 la
1277 2669 1398 2741 prdfaoe
1409 2670 1446 2725 do

405 2738 454 2794 Ex
463 2740 632 2807 inteyro...
648 2753 690 2793 nx
698 2739 881 2793 industria.
934 2740 1012 2793 cetto
1035 2738 1210 2793 traduction
1236 2738 1314 2795 dans
1327 2739 1446 2813 l’opus-

372 2810 499 2865 Cicdron
514 2808 592 2865 dans
603 2808 811 2865 conlocutione
821 2824 883 2863 em·
934 2808 1019 2865 oule:
1049 2810 1088 2865 de
1103 2811 1223 2878 optimo
1239 2826 1356 2884 neuere
1377 2828 1447 2868 ora-

367 2880 447 2953 ploio
461 2880 507 2937 les
520 2882 640 2953 prdpos.
657 2882 696 2936 ab
712 2884 742 2935 ot
765 2882 814 2935 de.
839 2883 882 2935 De
936 2886 1054 2936 torum.

368 2954 541 3008 industria
580 2968 619 3007 ne
657 2968 688 3008 sc
725 2955 882 3008 rencontrc
970 2952 1077 3008 Servii
1087 2954 1228 3021 Sulpicii
1249 2959 1347 3024 atque
1362 2957 1449 3011 Mes-

368 3024 481 3097 qu'une
495 3024 555 3079 fois
566 3024 637 3080 chez
648 3023 753 3089 Quint.
933 3025 1035 3079 salae.
1063 3022 1090 3078 Il
1109 3027 1155 3079 est
1170 3026 1313 3096 question
1327 3026 1368 3081 du
1403 3042 1447 3082 ro-

404 3098 530 3151 Orator.
538 3094 585 3151 On
593 3099 666 3168 pout
674 3095 793 3151 vdrifier
804 3098 882 3151 cette
933 3094 1009 3150 mier
1024 3094 1061 3150 de
1076 3110 1125 3151 ces
1140 3098 1279 3152 orateurs
1294 3096 1364 3169 plus
1377 3043 1445 3167 das

367 3167 562 3223 ohservation
578 3183 631 3221 sur
642 3166 670 3221 le
679 3181 741 3235 pro
760 3168 882 3222 Milone
932 3166 986 3221 116
1007 3170 1037 3221 et
1060 3166 1108 3221 oh.
1133 3168 1161 3235 5,
1183 3168 1448 3241 16513115ιηύ-

389 3238 422 3293 ui
443 3237 483 3293 l'a
503 3253 576 3293 sans
604 3238 696 3293 doute
724 3238 880 3309 suggo'rdc.
933 3237 1116 3293 risoonsulte
1145 3238 1281 3306 celebre,
1315 3244 1448 3296 oontem-

367 3254 414 3365 {a
437 3311 655 3377 praeparatio
677 3312 721 3363 aot
732 3324 880 3377 causam,
931 3310 1040 3433 porain
1056 3309 1093 3365 de
1106 3308 1233 3365 Ciciron
1248 3311 1302 3381 qui
1314 3310 1398 3435 parte
1409 3312 1446 3367 de

368 3380 421 3452 qui
445 3381 536 3435 traite
558 3380 589 3435 la
612 3380 754 3451 question
771 3380 881 3435 theori-
946 3381 978 3434 ui
992 3380 1070 3436 dans
1082 3380 1111 3436 le
1124 3382 1279 3436 Brutusd
1293 3398 1313 3453 p
1327 3382 1446 3438 usiours

388 3466 426 3506 ue
438 3450 479 3505 du
490 3466 541 3506 cas
552 3451 589 3507 de
598 3451 733 3522 legitime
744 3450 878 3519 defense,
932 3452 1063 3523 reprises
1080 3453 1121 3522 (v.
1138 3455 1254 3507 notam.
1270 3453 1316 3521 42,
1328 3452 1403 3524 153),
1416 3457 1447 3509 et

366 3467 424 3577 isit
445 3521 596 3593 longueur
610 3524 637 3577 si
651 3538 691 3577 on
705 3521 736 3577 la
750 3538 881 3595 rappro-
932 3522 1172 3595 correspondent
1182 3524 1442 3581 deVarronAuu.

366 3593 421 3650 cho
435 3592 471 3649 da
486 3592 621 3649 l'enonod
634 3593 687 3649 des
695 3593 768 3649 faits
779 3610 789 3663 3
801 3596 880 3650 mais
930 3594 1008 3651 Gsn.
1025 3595 1066 3663 ΙΙ,
1094 3594 1140 3664 10,
1168 3596 1204 3650 1;
1225 3597 1319 3650 Juris
1338 3598 1447 3652 civilis

365 3663 502 3721 elleorde
516 3680 577 3720 une
600 3665 783 3737 disposition
799 3664 880 3721 d'es—
931 3670 1048 3721 auctor
1076 3668 1130 3720 air
1158 3668 1235 3722 bene
1263 3668 1444 3735 litteratus,

364 3736 427 3809 prit
451 3737 505 3809 qui
528 3736 593 3791 doit
606 3736 689 3792 seule
704 3737 811 3792 rendre
833 3753 879 3793 ao·
930 3740 1064 3805 scripsit
1084 3739 1128 3791 act
1149 3741 1192 3793 Μ.
1214 3740 1441 3796 Varronem...

365 3807 520 3881 ceptablos
544 3808 676 3864 certains
700 3813 879 3891 arguments
936 3810 1038 3864 Varro
1053 3810 1224 3877 rescripsit
1237 3812 1308 3893 etc..

364 3878 880 4037 emtttttsttttltittatn
928 3879 1444 4035 ,intrauittristitia

363 4037 418 4163 ii}
433 4023 688 4150 31111ξὲ1131ῗέ,
702 4022 877 4166 iiiiii}
926 4023 1138 4165 tistitus
1153 4024 1446 4152 instructilis

365 4165 514 4221 discours
525 4168 700 4233 prononce.
721 4166 766 4221 De
781 4170 879 4221 meme
930 4181 967 4220 en
993 4165 1178 4237 (eloquendo,
1200 4166 1271 4222 lond
1285 4183 1342 4239 par
1356 4167 1446 4224 Cind-

365 4252 407 4291 un
431 4252 489 4307 peu
515 4236 586 4308 plus
609 4235 878 4305 lointutrimque
929 4251 997 4302 ron,
1022 4238 1079 4304 sp.
1104 4240 1149 4291 ad
1172 4241 1278 4306 Brut,
1302 4238 1327 4305 I,
1353 4240 1442 4307 15,1,

364 4308 543 4364 habitas...
590 4310 745 4364 actiones.
788 4308 878 4363 Ainsi
930 4308 991 4362 ami
1006 4307 1043 4362 de
1058 4306 1180 4363 Tibulle
1195 4311 1248 4381 qui
1261 4309 1307 4364 lni
1317 4310 1441 4365 adressa

364 4377 435 4432 chez
463 4378 617 4436 ciceron:
646 4380 764 4435 Prima
791 4382 878 4435 actia
929 4378 960 4433 la
981 4380 1009 4433 t·
1033 4378 1126 4450 elegio
1149 4380 1190 4435 du
1215 4381 1257 4437 por
1270 4380 1357 4448 livre,
1375 4396 1442 4435 sou-
