3317 5159
634 314 814 386 -149-

196 472 300 553 ἄλογον
314 472 414 553 τριβήν
427 477 544 546 vocant,
560 491 621 551 qua
638 491 749 534 manus
762 473 796 533 in
810 472 969 532 scribendo
991 462 1136 548 decurrit,
1150 490 1211 549 qua

194 573 273 634 oculi
288 577 363 633 totos
378 570 469 630 simul
485 571 517 630 in
532 571 659 630 lectione
675 589 779 631 versus
793 572 952 648 ttexusque
966 589 1074 630 eorum
1088 575 1118 630 et
1129 576 1211 630 tran-

154 732 165 742 ,
196 671 274 730 situs
287 670 447 730 intuentur
459 673 489 728 et
507 673 578 728 ante
592 670 750 746 sequentia
775 669 881 728 vident
899 687 991 747 quarn
1007 669 1107 749 priora
1121 669 1209 728 dixe-

199 774 284 828 runt.
304 767 371 840 Quo
396 772 535 827 constant
559 767 707 827 miracula
721 767 772 827 illa
795 768 826 826 in
850 767 968 827 scaenis
992 768 1168 846 pilariorum
1182 786 1217 827 ac
1240 767 1267 845 ’ἶ

200 866 430 941 ventilatorum,
455 871 490 925 ut
504 884 539 925 ea
564 883 642 943 quae
663 866 821 925 emiserint
845 865 924 925 ultro
937 867 1040 926 venire
1054 865 1086 926 in
1109 883 1220 926 manus

198 965 305 1026 credas
320 970 349 1024 et
364 982 424 1042 qua
435 963 585 1042 jubentur
598 964 771 1024 decurrere.
787 964 846 1025 Sed
861 965 912 1026 hic
926 971 1001 1025 usus
1015 965 1056 1025 ita
1071 965 1215 1044 proderit,
1237 962 1277 1025 12

199 1065 225 1123 si
240 1082 275 1123 ea
290 1063 328 1122 de
343 1081 404 1140 qua
418 1062 509 1122 locuti
536 1081 645 1121 sumus
659 1081 709 1122 ars
731 1064 938 1139 antecesserit,
955 1069 989 1123 ut
1013 1065 1113 1142 ipsum
1128 1063 1214 1142 illud,

198 1161 279 1240 quod
293 1161 326 1220 in
342 1178 374 1220 se
389 1161 537 1220 rationem
561 1178 623 1219 non
649 1159 752 1238 habet,
768 1161 800 1220 in
826 1161 942 1221 ratione
964 1166 1111 1221 versetur.
1137 1161 1216 1222 Nam

197 1259 275 1319 mihi
289 1277 329 1318 ne
343 1257 443 1318 dicere
453 1258 579 1336 quidem
593 1257 714 1318 videtur
729 1259 788 1318 nisi
798 1258 851 1337 qui
867 1258 1021 1338 disposite,
1038 1264 1154 1337 ornate,
1167 1279 1216 1319 co·

160 1388 162 1391 v
199 1358 282 1437 piose
296 1356 381 1434 dicit,
398 1357 454 1416 sed
479 1356 673 1417 tumultuari.
699 1357 763 1418 Nec
784 1357 899 1417 fortuiti
926 1357 1075 1418 sermonis
1089 1363 1215 1418 contex-
1237 1357 1277 1422 13

247 1487 443 1553 eaemplam.
780 1502 818 1541 eu
833 1486 929 1542 usitee
950 1489 1044 1542 avant
1058 1485 1089 1540 la
1101 1485 1222 1542 latinite
1235 1486 1272 1543 de

236 1559 305 1617 Qua
332 1571 462 1613 manas.
496 1556 647 1613 Souvenir
677 1555 715 1612 de
757 1502 910 1640 Fempire3
928 1558 1032 1613 itaest
1047 1556 1129 1613 alors
1144 1562 1275 1614 souvent

198 1628 335 1695 Ciceron,
358 1630 397 1683 de
412 1633 496 1683 orat.
520 1628 561 1694 II,
573 1627 620 1695 30,
635 1627 707 1683 130;
759 1628 843 1683 suin
857 1628 894 1684 de
916 1630 1049 1684 demam
1064 1632 1126 1684 eta
1146 1645 1207 1684 une
1222 1645 1273 1685 va-

199 1701 419 1770 nequeenim,
440 1698 565 1768 quoties
579 1701 712 1754 verbam
757 1697 825 1754 leur
835 1700 1012 1756 restrictiva.
1026 1699 1077 1757 uf.
1100 1699 1153 1767 XI,
1163 1699 1192 1767 3,
1203 1699 1272 1757 130;

200 1773 336 1842 aliquod
357 1775 405 1826 est
428 1771 637 1826 scribendam
661 1785 715 1824 rio-
757 1771 990 1826 ambulantem
1027 1773 1116 1842 loqui
1145 1771 1195 1826 ita
1222 1774 1273 1827 de-

199 1844 257 1906 bir,
275 1843 367 1897 toties
382 1844 453 1909 ejas
469 1843 556 1896 verli
583 1842 709 1897 litterae
760 1857 851 1897 mam
864 1847 998 1913 oportet,
1009 1843 1038 1898 si
1050 1843 1273 1911 incautispu-

199 1918 280 1969 suat
298 1914 494 1982 capitatione
514 1914 713 1983 conpatrea'-
758 1912 852 1969 blicis
887 1918 945 1970 eto.
974 1913 1101 1969 Ciceron
1139 1912 1202 1968 dit:
1235 1928 1274 1970 ea

201 1987 281 2042 ctae:
298 1999 356 2040 aec
387 1984 512 2053 quoties
541 1998 640 2040 caasa
666 1985 714 2038 di·
758 1986 945 2041 conditione
960 1986 1024 2040 ri...
1040 1985 1076 2041 V.
1102 1983 1274 2056 rependant

200 2057 305 2112 cerda
319 2059 376 2122 est,
393 2055 484 2110 toties
499 2057 544 2111 all
557 2058 714 2123 ejascaa-
757 2059 852 2111 Brut.
873 2055 918 2119 52,
935 2055 1006 2112 195:
1023 2056 1161 2111 eumilo
1180 2056 1273 2111 heres

200 2142 256 2183 rae
283 2127 424 2195 reposita
453 2131 650 2196 arpamerita
665 2141 713 2182 re·
758 2129 935 2183 institutas
954 2132 1046 2196 erret,
1075 2127 1101 2182 si
1122 2127 1273 2196 papillas

202 2200 288 2254 volvi
303 2213 360 2254 nos
374 2202 508 2266 oportet,
525 2199 581 2253 secl
597 2199 713 2253 trabere
758 2204 837 2254 arete
847 2203 1120 2255 mortuaresset...
1130 2196 1272 2262 Aitteurs,

201 2275 303 2325 certor
325 2271 406 2325 locos
426 2271 494 2338 qai,
516 2273 553 2323 at
582 2270 713 2325 litterae
758 2273 842 2326 ita...
859 2274 897 2324 ut
913 2269 996 2340 (Ver.
1008 2269 1060 2337 IV,
1071 2270 1117 2337 67,
1128 2269 1189 2340 150)
1201 2285 1210 2338 3
1223 2270 1274 2324 ila

201 2344 245 2396 ad
266 2342 399 2395 verbam
423 2341 643 2408 scribendam,
668 2341 714 2396 ric
807 2356 883 2398 cam
909 2342 1014 2410 (Brut.
1036 2342 1082 2410 62,
1095 2340 1159 2408 222)
1169 2356 1179 2411 3
1195 2340 1272 2396 dans

200 2413 255 2467 illi
268 2414 313 2467 ad
325 2426 462 2467 causam
479 2413 713 2480 eaplicaaclam
759 2429 792 2469 ce
807 2413 927 2468 dernier
950 2413 1098 2486 example,
1113 2411 1144 2467 la
1157 2412 1273 2468 restric-

201 2483 315 2539 slalim
333 2487 521 2539 occurrant.
759 2485 823 2540 tion
839 2487 885 2539 est
900 2482 1016 2542 relevee
1025 2500 1082 2557 par
1092 2486 1272 2539 daataoeat.

242 2553 431 2610 versandi.
442 2555 470 2622 1,
485 2553 522 2609 38
536 2553 715 2610 etlanotet
758 2555 893 2612 Ailleurs
903 2570 1029 2612 encore:
1046 2556 1128 2612 sic...
1144 2555 1174 2610 si
1185 2556 1272 2624 (Tap.

202 2641 236 2682 ce
248 2628 334 2694 mot;
348 2624 376 2689 3,
388 2625 434 2680 32.
758 2628 804 2694 10,
824 2627 888 2698 itt:
905 2628 953 2682 sic
968 2628 1101 2683 heredes
1112 2627 1273 2694 instituti,

236 2699 426 2762 Dicerem,-
450 2697 468 2751 a
495 2692 638 2769 suppteer
671 2710 714 2750 un
758 2701 788 2757 ri
802 2699 894 2770 filius
910 2702 1011 2755 eatur
1026 2702 1119 2755 esset.

203 2773 289 2824 autre
311 2767 462 2839 sujetque
486 2767 716 2836 ocalt,quiest
796 2771 837 2824 Ia
861 2769 1013 2837 ratioae;
1042 2767 1175 2827 c.-d-d.:
1198 2771 1274 2836 arte,

202 2839 280 2894 celui
295 2839 332 2894 de
347 2841 461 2893 videat
480 2844 510 2895 et
527 2840 563 2895 de
578 2838 716 2893 latueri—
760 2841 896 2911 artisque
911 2844 941 2895 et
958 2841 1086 2900 rationis
1106 2839 1276 2912 praeceptis

204 2916 269 2966 tar.
286 2909 333 2964 Cf.
349 2909 420 2981 plus
434 2910 521 2978 haut,
537 2909 591 2982 §9-
760 2911 965 2969 contineatur.

237 2994 405 3048 Miracala
437 3013 469 3041 =
492 2984 633 3060 θάυματα,
659 2992 715 3044 aal-
795 2983 871 3039 Nisi
886 2984 977 3052 qai...
991 2980 1276 3064 Ciceronaditque
1325 3023 1327 3026 .

204 3066 374 3130 miranda,
396 3079 471 3119 aveo
489 3062 517 3118 le
529 3065 629 3117 meme
646 3075 716 3116 sens
761 3056 789 3111 le
803 3068 913 3136 propre
937 3053 975 3108 de
1009 3051 1153 3108 l'oreteur
1166 3053 1275 3135 ¹e'ta1t:

204 3151 263 3208 que
297 3134 368 3191 chez
403 3135 538 3189 Horace:
571 3134 716 3201 speciosa
762 3129 946 3194 composite,
963 3125 1277 3192 ornatacopeoselo·

205 3209 381 3262 miracala.
400 3208 435 3261 A.
451 3206 489 3260 P.
511 3205 574 3261 144.
762 3195 894 3278 qui-‚CR
911 3199 949 3251 de
965 3199 1048 3252 Orat·
1062 3194 1087 3263 Ι,
1102 3196 1148 3263 11,
1166 3194 1211 3250 48·
1227 3193 1275 3259 Cf,

133 3291 136 3294 ’
239 3279 447 3333 Pilarioram
479 3282 510 3332 el
542 3276 713 3330 ventilata
762 3270 804 3326 11).
818 3265 921 3334 raon

204 3366 301 3405 rara:
321 3351 377 3404 dea
394 3350 568 3418 jonplears
601 3351 632 3401 et
661 3348 718 3401 des
803 3337 1091 3396 remitteretur.
1111 3335 1179 3405 vn,
1204 3352 1279 3410 PPO·

101 3451 107 3458 ·
204 3422 516 3491 presttdipitatearr.
553 3417 613 3474 Les
653 3432 718 3489 pre·
763 3409 1278 3470 oem.3:0ratiocarearhacoir-

205 3493 298 3548 miers
326 3494 396 3547 sont
417 3490 497 3546 ainsi
529 3488 652 3562 oppetes
683 3487 719 3543 de
765 3489 834 3541 tate
854 3481 972 3551 (ordine
993 3478 1083 3552 seii),
1098 3482 1278 3535 tumultue-

201 3565 286 3633 pila,
319 3561 421 3631 belle3
449 3561 533 3618 leurs
569 3559 719 3616 exercices
765 3562 821 3612 tar
843 3556 1076 3636 recesserat...
1102 3550 1202 3615 11‚12‚
1223 3551 1277 3606 11:

206 3639 277 3689 sont
310 3633 421 3689 decrits
461 3647 517 3705 par
559 3630 719 3699 Manilius,
764 3643 838 3684 cam
881 3627 1016 3708 laterem
1053 3638 1118 3679 aaa
1153 3627 1280 3678 actores

206 3708 293 3760 its-tr.
308 3705 345 3767 V,
359 3705 412 3760 159
426 3707 456 3759 et
471 3703 550 3758 suiv.
566 3703 602 3759 V.
617 3702 646 3757 te
661 3701 721 3756 dio
765 3701 858 3757 mollo
873 3698 1038 3761 inventas,
1053 3696 1120 3760 sed,
1136 3697 1221 3776 quod
1235 3697 1281 3749 eat

208 3775 360 3831 tionnaire
384 3775 420 3830 de
441 3774 524 3830 Rieu
547 3773 564 3828 d
591 3789 623 3828 ce
644 3775 719 3827 mot.
766 3774 910 3841 turpius,
923 3771 1149 3836 praeceptores
1165 3769 1279 3848 etiam,

212 3848 396 3903 ventilator
420 3845 538 3916 signifie
562 3843 722 3915 generale·
765 3846 823 3913 qui
839 3846 965 3899 brevem
976 3837 1110 3921 dicendi
1124 3839 1282 3919 eaercrta-

207 3920 293 3975 ment
314 3932 486 3985 oaaaear3
508 3915 530 3971 il
545 3930 583 3970 ne
602 3931 634 3970 se
648 3931 722 3971 ren·
767 3915 888 3971 tionem
904 3913 1079 3975 consecuti,
1093 3921 1283 3963 emersera-

209 3993 313 4046 contre
329 3988 414 4044 nulle
425 3991 496 4059 part
510 3986 635 4042 ailleurs
649 4002 722 4043 avec
767 3988 864 4054 tione,
887 3985 916 4040 ri
943 3982 1021 4035 tulit
1037 3981 1190 4049 impetus,
1208 3993 1283 4048 pae-

208 4061 236 4117 le
247 4059 548 4132 sensqueluidonne
563 4058 601 4113 ici
616 4058 720 4124 Quint.
767 4059 830 4113 sim
871 4055 1119 4132 tumultuentur
1155 4064 1281 4133 eosque,

208 4132 309 4188 —Ces
320 4130 443 4202 genitifs
453 4133 523 4185 sont
536 4130 723 4201 drapporter
767 4129 825 4198 qai
836 4130 914 4198 plus
934 4125 1066 4181 horroris
1090 4124 1206 4205 lateris
1227 4125 1284 4175 trr-

209 4204 227 4258 d
243 4204 372 4258 scaenis
387 4204 418 4257 et
430 4201 526 4266 nont
547 4202 720 4256 miracala.
767 4201 920 4267 luerunt,
947 4197 1074 4264 ineptos
1103 4199 1133 4249 et
1151 4196 1286 4260 jejunos

245 4277 285 4329 Ia
314 4288 461 4338 manas,·
484 4286 547 4326 non
568 4273 653 4328 dans
677 4273 722 4327 les
768 4265 1287 4348 ettepidosetiafirmos,atpaod-

211 4347 390 4401 malarder
414 4346 626 4413 spectateare,
644 4342 722 4398 mats
769 4359 830 4413 que
876 4342 1007 4396 verbum
1031 4337 1289 4395 contumeliosas·

211 4420 295 4473 daos
310 4417 355 4471 les
370 4417 459 4471 learr
469 4428 615 4484 propi-er.
770 4415 894 4469 rimam
923 4411 1075 4476 occurrit,
1099 4408 1283 4481 appellarat.

245 4487 290 4544 12.
318 4488 406 4544 Ila...
436 4488 476 4543 ri.
506 4483 722 4540 Construction
804 4486 849 4541 13.
865 4486 1125 4555 Nec;pourae...
1143 4481 1287 4555 quidem,
