3317 5159
681 319 862 386 -127-

748 599 786 661 V.

265 823 445 886 Proximum
472 830 529 902 est,
557 829 592 884 ut
616 823 768 901 dicemus,
792 841 871 902 quae
894 821 1055 903 praecipue
1082 822 1241 884 scribenda

226 924 288 984 sint
302 923 358 992 ἕξιν
374 923 561 1003 parantibus.
585 922 659 983 Nou
673 926 720 983 cst
741 921 840 1000 hujus
864 921 987 1000 quidem
1011 922 1122 1001 operis,
1137 927 1173 982 ut
1190 941 1242 982 ex·
1282 922 1299 984 1

226 1021 385 1100 plicemus,
400 1038 477 1099 quae
493 1019 555 1080 sint
568 1019 723 1096 materiae,
752 1037 829 1097 quae
854 1019 1017 1098 primaeui
1035 1020 1168 1080 secunda
1188 1025 1242 1081 eut

226 1121 368 1201 deinceps
383 1120 540 1189 tractanda
555 1119 616 1180 sint
629 1117 715 1198 (nam
730 1118 760 1178 id
775 1119 890 1178 factum
905 1124 951 1179 est
962 1117 1028 1197 jam
1043 1118 1140 1198 primo
1149 1118 1238 1197 libro,

224 1238 285 1299 quo
299 1239 476 1300 puerorum,
494 1223 524 1278 et
538 1217 682 1294 secundo,
698 1236 758 1296 quo
769 1216 835 1296 jam
852 1217 1047 1277 robustorum
1062 1217 1171 1278 studiis
1193 1238 1241 1278 or-

225 1318 329 1380 dinem
344 1318 508 1398 dedimus),
520 1317 584 1396 sed‚
601 1315 639 1376 de
652 1334 712 1394 quo
726 1333 808 1375 nunc
822 1316 934 1394 agitur,
951 1315 1033 1376 unde
1047 1316 1131 1396 eopia
1145 1335 1180 1377 ac
1198 1318 1242 1377 fa-

225 1416 324 1477 cilitas
338 1417 470 1477 maxime
486 1415 599 1476 veniat.

264 1550 389 1611 Vertere
414 1567 522 1626 graeca
537 1548 569 1608 in
596 1546 727 1608 latinum
752 1552 869 1608 veteres
885 1546 979 1610 nostri
1009 1555 1142 1610 oratores
1166 1549 1241 1629 opti-

224 1668 311 1710 mum
324 1646 513 1727 judicabant.
530 1646 565 1706 Id
581 1665 613 1706 se
627 1647 661 1707 L.
678 1646 806 1707 Crassus
820 1646 853 1704 in
874 1645 933 1706 illis
948 1647 1101 1708 Ciceronis
1115 1647 1153 1708 de
1167 1647 1242 1709 Ora·
1281 1647 1301 1706 2

224 1753 288 1808 tore
301 1746 388 1807 libris
402 1745 475 1807 dicit
488 1746 660 1806 factitasse:
688 1744 720 1804 id
734 1745 839 1806 Cicero
863 1763 918 1805 sua
941 1744 1006 1825 ipse
1028 1764 1156 1825 persona
1183 1746 1241 1806 fre

224 1845 422 1925 quentissime
431 1845 593 1924 praecipit,
609 1843 789 1923 quinetiam
811 1843 905 1905 libros
920 1844 1055 1905 Platonis
1073 1851 1165 1924 atque
1176 1845 1240 1906 Xe-

260 2117 286 2171 1.
306 2106 375 2175 ἕξιν.
392 2114 439 2170 Cf.
455 2112 481 2181 I,
497 2112 688 2170 tetlanote.
703 2142 739 2152 -
784 2108 835 2158 sat
850 2106 907 2186 est·

226 2188 298 2243 Noa
335 2190 385 2242 cst
421 2187 550 2254 bajas;
571 2185 738 2240 correction
821 2177 928 2243 Capra.
944 2172 991 2228 cf.
1006 2173 1035 2242 1,
1050 2173 1087 2230 5:
1112 2188 1185 2242 opes
1204 2189 1301 2243 quae·

226 2259 263 2314 de
278 2258 410 2314 Bursian
438 2257 565 2330 adoptbe
589 2261 738 2328 perteus
785 2249 864 2301 darn
884 2247 1098 2328 parandae...
1130 2260 1186 2302 cae
1207 2260 1301 2300 cous-

224 2329 269 2386 ]es
284 2331 542 2386 commentateurs
565 2327 736 2383 modemes
787 2323 861 2373 taut
875 2331 968 2386 copta
987 2331 1102 2400 rerum
1126 2331 1165 2374 ac
1190 2317 1302 2373 verbo-

225 2401 283 2458 Les
298 2401 461 2456 anciennes
472 2399 603 2455 editions
613 2400 738 2454 avaient
784 2405 872 2472 rum.
889 2387 915 2444 Il
930 2389 1019 2459 s’sgit
1033 2403 1073 2443 101
1086 2392 1207 2445 surrent
1222 2387 1259 2444 de
1269 2387 1302 2442 la

226 2471 434 2538 tircdesMs„
456 2471 739 2542 fortcorrompusb
785 2475 878 2528 copta
894 2461 1113 2541 verborum·
1160 2530 1165 2543 ι

225 2546 272 2600 cet
286 2543 424 2599 endroit:
440 2544 507 2598 Hoc
526 2542 738 2597 creberrimis
820 2532 847 2587 2·
864 2532 909 2586 De
932 2536 1062 2613 orator?
1082 2531 1193 2614 libres·
1207 2529 1231 2614 l,
1252 2530 1299 2598 34,

224 2615 271 2670 sit
284 2617 418 2685 quidem
442 2615 549 2681 operis
559 2631 570 2678 ,·
585 2628 643 2668 ou:
669 2614 738 2683 qui·
785 2604 856 2659 155:
873 2605 990 2658 Postea
1006 2602 1089 2656 matu
1101 2603 1231 2670 placeat
1248 2617 1302 2658 eo-

226 2688 361 2741 demost
377 2687 486 2752 operis.
785 2689 847 2744 quc
862 2689 937 2729 sum
952 2688 1032 2728 usas
1047 2674 1251 2739 adulescens,
1263 2678 1301 2728 ut

260 2758 373 2812 Primo
384 2757 464 2811 libro
474 2754 638 2825 :Auchap
651 2753 680 2816 9,
696 2753 735 2808 ou
784 2759 991 2800 summorum
1017 2748 1187 2800 oratorum
1203 2746 1301 2800 Grac·

225 2827 321 2893 Quint
359 2828 479 2883 resume
526 2825 736 2881 brievement:
785 2831 841 2871 cas
881 2817 1048 2871 orationes
1087 2815 1299 2883 explicarem.

226 2901 390 2970 quaedam
405 2898 537 2954 dicendi
543 2896 737 2965 primordia,
786 2887 907 2947 Quibus
921 2886 1013 2942 lectis
1028 2885 1085 2941 hoc
1098 2887 1301 2956 att-sequebar

226 2972 344 3040 quibus
358 2973 482 3026 aetates
495 2970 643 3023 noudum
662 2961 739 3020 rhc-
786 2963 835 3023 ut,
866 2972 940 3014 cum
976 2972 1014 3012 θα
1030 2971 1126 3040 ‚quae
1156 2959 1300 3027 leberam

227 3046 330 3097 torem
356 3041 522 3109 capientes
541 3038 737 3094 instituam.
787 3031 919 3096 Graece,
960 3030 1079 3083 Latme
1117 3031 1298 3095 redderem,

225 3114 443 3168 -Secundffl
464 3126 526 3166 aux
548 3108 637 3180 chap.
667 3108 739 3162 laet
786 3116 853 3156 uon
890 3101 996 3156 solum
1023 3100 1154 3168 optimis
1193 3102 1300 3156 verbis

225 3184 271 3252 10,
291 3185 331 3239 ou
351 3182 372 3238 il
395 3181 487 3238 truite
509 3181 562 3236 des
590 3179 739 3236 exereices
786 3176 899 3228 uterer
909 3175 941 3227 ct
957 3175 1068 3227 tamea
1082 3171 1229 3238 usitatis,
1245 3175 1300 3227 sed

225 3254 468 3311 intermediaires
483 3251 610 3308 entrela
633 3265 740 3322 grem·
785 3245 889 3299 etiam
904 3243 1123 3312 eaaprtmcrcm
1135 3244 1300 3312 quaedam

225 3327 321 3382 maire
334 3329 365 3381 et
378 3325 410 3380 le
425 3324 739 3395 rhetoriquepropre-
786 3316 890 3397 verba,
907 3315 1083 3378 imitando,
1108 3328 1192 3383 duae
1217 3329 1301 3372 nova

225 3399 311 3453 ment
321 3397 384 3453 dite
393 3411 403 3467 3
426 3396 496 3468 puis
513 3395 566 3450 des
585 3392 737 3449 exereices
774 3390 908 3468 'nostras
923 3389 1041 3453 essent,
1056 3385 1232 3441 dummffllo
1248 3401 1300 3442 6³-

226 3468 467 3525 dcclamatoires.
784 3461 856 3513 scat
870 3458 1000 3512 a-douca.

261 3542 488 3597 Robustorum.
516 3537 563 3593 uf.
595 3537 632 3603 1,
659 3534 736 3590 131:
821 3531 890 3584 Sua
925 3529 993 3596 ipse
1017 3541 1181 3596 persona:
1214 3543 1301 3597 pour

226 3613 367 3667 robustis
393 3615 424 3666 ct
443 3610 599 3666 severiore
622 3621 738 3676 peracre
785 3615 843 3656 sou
854 3614 973 3668 propre
982 3602 1114 3667 compte,
1126 3601 1157 3654 et
1171 3613 1233 3655 non
1244 3614 1301 3673 pas

226 3681 471 3754 satisfirmau's,
485 3685 516 3736 et
529 3680 608 3745 lue,
623 3679 738 3732 141111-
786 3671 955 3727 seulement
981 3684 1037 3743 par
1059 3670 1091 3725 la
1112 3669 1232 3726 boucha
1260 3668 1298 3725 de

225 3755 372 3826 firmitas
392 3767 415 3807 a
438 3751 672 3808 robustioribus
687 3763 739 3804 se·
786 3741 918 3815 quelque
952 3755 1143 3814 personnage
1180 3740 1298 3797 celebre

222 3826 380 3895 paranda
404 3828 473 3888 esre
497 3825 528 3877 It
552 3823 629 3892 faut
650 3820 739 3882 (dans
785 3829 903 3870 comme
925 3811 1109 3895 Crassusll
1129 3810 1179 3881 n’y
1199 3828 1218 3868 a
1240 3827 1297 3900 pas

228 3911 288 3952 une
300 3895 394 3964 ceole)
413 3897 548 3964 separer
571 3895 616 3948 tes
635 3893 738 3960 petits
786 3885 823 3941 de
838 3899 967 3959 passage
982 3882 1059 3939 dans
1076 3881 1203 3940 Croeson
1215 3898 1298 3939 ouse

227 3970 286 4024 des
299 3968 435 4037 prande.
787 3957 946 4013 rencontro
971 3953 1003 4010 la
1027 3953 1164 4010 formello
1187 3969 1301 4011 recom-

262 4041 336 4095 Scd.
355 4039 438 4093 Avec
451 4035 558 4107 ellipse
580 4033 618 4090 de
639 4033 740 4102 caepti-
787 4027 969 4083 mandetion
1019 4027 1095 4082 dont
1136 4026 1220 4098 parle
1261 4024 1302 4082 ici

228 4111 373 4166 caudam
388 4114 446 4164 est.
460 4139 495 4147 -
506 4111 549 4162 De
574 4120 636 4176 quo
654 4119 740 4160 naue
787 4099 892 4166 Quint.
907 4097 986 4154 meis
1012 4096 1037 4152 il.
1057 4096 1164 4153 insiste
1190 4113 1243 4154 sur
1255 4097 1301 4153 les

227 4182 361 4252 abitur:
378 4195 411 4236 oe
422 4180 477 4263 qui
491 4182 537 4235 est
549 4176 654 4248 l’objet
668 4191 741 4248 pro·
787 4173 956 4241 avanteges
979 4168 1016 4225 de
1039 4168 1151 4226 l’etude
1166 4168 1208 4225 du
1231 4184 1301 4242 gree

227 4252 337 4326 produ
357 4252 399 4308 xa
419 4250 506 4306 livre.
522 4249 646 4318 cf.1‚1
662 4247 738 4304 et9:
788 4258 826 4300 en
858 4239 991 4314 general,
1013 4255 1053 4296 au
1077 4239 1173 4323 debut
1193 4239 1236 4296 du
1262 4243 1301 4300 de

229 4324 320 4382 uobis
343 4326 495 4380 uestrum
509 4335 589 4391 opus
612 4320 737 4376 intueri
789 4314 914 4388 Officiis
927 4314 958 4369 et
970 4311 1011 4368 du
1026 4313 1066 4368 de
1081 4311 1228 4369 Facibus.
