3317 5159
824 313 925 382 ..85
945 351 985 364 ..

357 489 359 492 ’
387 446 403 527 s
432 472 462 530 et
476 469 536 531 vita
548 468 665 548 longior
679 469 864 548 contigisset.
905 469 1014 533 ,Inveni
1030 471 1082 549 qui
1098 472 1271 534 Calvum
1291 473 1428 552 praeiere

429 575 499 629 rent
522 570 674 648 omnihus,
700 546 813 629 iniens
827 569 880 648 qui
904 570 1041 631 Ciceroni
1056 571 1225 648 crederent,
1242 591 1314 632 eum
1332 574 1428 634 nimia
1522 611 1524 616 ·

431 674 536 729 contra
559 687 593 728 se
615 668 769 728 calumnia
791 687 899 728 verum
923 670 1104 746 sanguinem
1119 670 1296 749 perdidisse,
1314 672 1367 732 sed
1381 677 1427 732 est

430 772 461 826 et
478 773 583 828 sancta
618 773 648 826 et
667 767 769 844 gravis
783 767 877 838 oratio
894 772 924 826 et
938 768 1082 844 castigata
1098 774 1128 828 et
1142 770 1317 847 frequenter
1330 771 1425 830 vehe-

328 938 333 953 .
431 884 519 926 mens
534 884 666 944 quoque.
709 865 848 926 Imitator
862 871 965 925 autem
980 871 1026 925 est
1039 867 1221 943 Atticorum,
1239 869 1370 946 fecitque
1384 869 1427 927 illi

309 954 330 1025 l
352 961 412 1027 116
431 970 590 1043 properata
605 982 688 1024 mors
702 963 859 1041 injuriam,
877 964 902 1022 si
917 964 990 1042 quid
1005 963 1180 1048 adjecturus
1190 966 1258 1026 fuit.
1287 967 1326 1025 Et
1340 966 1428 1026 Ser-

430 1063 525 1122 vius
548 1063 774 1141 Sulpicius
788 1061 941 1139 insignem
955 1081 1017 1122 non
1031 1046 1183 1122 immerito
1201 1063 1314 1122 famam
1328 1063 1426 1124 tribus

430 1160 617 1222 orationihus
641 1161 764 1221 meruit.
807 1159 915 1238 Multa,
941 1161 967 1219 si
989 1179 1060 1220 cum
1071 1160 1185 1237 judicio
1199 1160 1327 1238 legatur,
1344 1161 1427 1222 dabit
1507 1199 1508 1202 =

352 1325 410 1396 cl:
427 1337 650 1394 quaecumque
661 1325 730 1390 cius
749 1324 785 1378 in
801 1322 866 1394 eui·
947 1321 1426 1379 Et:saite⁴treaussi-Sancta

351 1402 388 1452 tn
400 1399 451 1451 uel
464 1396 603 1466 fortuna
617 1397 668 1449 uel
681 1409 773 1449 niens
786 1395 863 1464 fuit.
911 1413 943 1436 =
955 1396 1142 1449 solennelle.
1152 1393 1331 1449 Ciceronacl
1341 1394 1424 1462 fani.

387 1467 532 1524 Calvum.
551 1467 583 1521 C.
606 1465 743 1522 Licinius
764 1466 866 1521 Macer
913 1465 977 1532 XV,
993 1465 1070 1530 21,4
1095 1464 1141 1519 liri
1155 1469 1312 1520 reconneit
1326 1465 1426 1538 impli-

351 1539 395 1607 (82
410 1539 497 1608 als).
513 1539 639 1609 conquit
653 1552 770 1593 comme
793 1552 865 1592 ora·
912 1536 1055 1591 citement
1070 1551 1118 1591 ces
1135 1536 1277 1607 qualites‚
1293 1537 1371 1592 mais
1381 1537 1426 1592 lui

351 1616 419 1666 teur
433 1626 493 1664 une
511 1609 626 1680 grande
640 1607 812 1664 renommee
825 1624 864 1664 en
911 1607 1011 1662 refuse
1025 1606 1056 1662 la
1071 1607 1170 1662 force:
1186 1609 1312 1663 Multae
1328 1615 1425 1664 erant

351 1686 496 1736 accusant
510 1680 662 1736 Vatinius.
677 1681 753 1736 Tua.
776 1682 862 1735 Dial.
912 1684 942 1733 et
953 1681 1141 1734 reconditae
1152 1681 1350 1742 interaneis
1362 1696 1426 1736 non

350 1751 404 1808 34:
435 1754 610 1808 Vatinium.
633 1753 680 1807 eis
705 1752 863 1806 orationi·
912 1754 994 1805 erat.
1019 1781 1054 1789 —
1078 1751 1270 1819 Castiqata:
1298 1749 1424 1806 Ciceron

350 1826 408 1880 lus
430 1825 599 1879 insecutus
622 1823 681 1889 est,
697 1830 790 1892 'quas
806 1824 864 1878 lto—
911 1820 995 1876 avait
1010 1821 1055 1876 dii
1067 1837 1072 1875 :
1084 1822 1151 1888 ipse
1161 1837 1229 1876 sese
1243 1824 1423 1879 observans.

350 1898 466 1966 dieque
482 1910 556 1951 curn
574 1895 799 1949 admiratione
816 1897 863 1948 le·
910 1893 1248 1959 D'autrescustoaita;
1260 1896 1422 1966 peut-etro:

349 1969 470 2037 pineus.
481 1966 519 2022 ci.
534 1967 578 2022 ib.
597 1963 642 2033 21,
657 1964 863 2021 lletaitl’ami
910 1964 1084 2019 concitata.

349 2035 860 2108 deCatullacommeluipoetedis-
945 2037 1127 2104 Properate
1182 2050 1282 2092 mors.
1347 2036 1416 2093 Cra.

349 2110 455 2182 tingue
474 2113 504 2164 et
519 2108 692 2164 adversaire
707 2108 743 2163 de
757 2109 860 2163 Cesar.
909 2109 1004 2161 Brut.
1019 2107 1065 2172 81,
1080 2107 1142 2162 279.
1170 2106 1309 2163 l’associe
1329 2107 1346 2161 a
1361 2108 1424 2163 Cu—

349 2183 397 2237 En
426 2180 590 2251 eloquence
615 2177 638 2233 il
661 2180 862 2250 representait
910 2178 996 2232 riou:
1021 2177 1179 2246 facienda
1204 2181 1326 2234 mentio
1342 2185 1423 2234 est...

349 2269 411 2308 non
426 2267 499 2307 sons
511 2250 589 2306 e'clat
603 2249 705 2305 l'ecole
720 2250 773 2305 des
792 2251 862 2305 neo·
910 2251 1052 2304 duorum
1068 2251 1334 2317 adolescentium,
1354 2253 1422 2320 qui,

349 2324 495 2394 attiques,
506 2338 539 2378 ce
552 2321 606 2394 qui
618 2322 722 2393 fitque
734 2321 862 2378 Ciceron
909 2322 939 2374 si
971 2320 1101 2375 diutius
1127 2319 1295 2386 aluissent,
1331 2337 1425 2392 maq-

348 2394 377 2465 le
392 2396 530 2449 trouvat:
545 2407 748 2462 eusanquern
764 2398 795 2448 et
814 2398 862 2448 at·
910 2407 990 2446 narn
1006 2395 1113 2446 essent
1133 2394 1337 2462 eloquentiae
1355 2395 1424 2448 lau-

302 2467 307 2474 '
350 2464 600 2532 tr·itunr,tandis
623 2480 682 2535 que
705 2463 861 2520 lui-meme
910 2465 1221 2538 dfemconsecntioe
1239 2466 1422 2532 Properata

348 2536 522 2608 reprochait
535 2537 564 2590 a
590 2534 717 2590 Ciceron
748 2535 860 2591 d'etre:
907 2536 1147 2589 :immatura

348 2606 861 2678 solutum.eteneroern.Songenre
944 2608 1148 2673 dejecturus.
1161 2603 1423 2675 Cf.plusbos‚119

348 2676 394 2742 est
404 2679 582 2734 caracterise
597 2678 674 2733 dans
688 2677 859 2742 leBrutus‚
910 2681 939 2730 et
953 2677 1015 2732 120.
1032 2677 1090 2732 Les
1106 2677 1186 2731 deux
1197 2675 1351 2734 meilleurs
1362 2695 1424 2734 ma·
1470 2681 1472 2688 '

345 2750 392 2818 82,
407 2749 462 2806 283
485 2753 515 2805 et
538 2751 617 2804 suiv.
638 2765 644 2804 :
668 2752 860 2806 accuratius
908 2748 1041 2803 nusorits
1068 2747 1242 2811 (Beruensis
1269 2753 1298 2803 ei
1326 2750 1423 2805 Bam-

348 2823 513 2891 quoddam
529 2823 662 2877 dicendi
685 2825 716 2875 et
742 2823 862 2891 enqui-
907 2819 1076 2890 bergensis)
1112 2835 1149 2873 ne
1178 2818 1313 2875 donnent
1341 2837 1421 2894 pas:

347 2893 759 2962 sitiusadferebatqenus;
774 2895 860 2962 qnod
908 2891 978 2957 sibi,
987 2906 1051 2946 non
1067 2891 1185 2960 siquid
1197 2893 1421 2960 detracturus,

346 2979 548 3034 quamquam
571 2965 713 3019 scienter
733 2965 860 3032 eleqan-
908 2962 962 3033 qui
983 2961 1098 3017 semble
1129 2977 1189 3016 une
1218 2960 1312 3032 gloss.
1339 2964 1423 3020 Avec

348 3042 459 3107 terque
477 3036 860 3102 tractabat,nirninrnta-
908 3031 1001 3087 Halm
1030 3048 1109 3090 nous
1142 3033 1338 3106 supprimens
1371 3051 1420 3090 ces

348 3122 423 3162 rnen
447 3109 621 3177 inquirens
646 3109 682 3160 in
705 3121 738 3161 se
760 3111 859 3176 atque
908 3106 998 3159 mois.
1058 3120 1061 3125 ·

348 3181 416 3247 ipse
430 3194 498 3234 sese
513 3177 687 3233 observans
702 3182 860 3233 metuens·
942 3175 1005 3230 116.
1020 3176 1165 3240 Servius,
1182 3176 1346 3246 Sulpicius
1359 3180 1422 3234 Iiu-

345 3265 407 3319 que
435 3265 475 3304 ne
498 3251 655 3304 vitiosum
679 3251 856 3318 colliqeret,
907 3245 964 3314 fus
988 3249 1127 3302 morien
1148 3247 1193 3309 43,
1222 3249 1421 3304 ae'ie'moins

345 3323 447 3376 etiarn
461 3335 576 3375 uernrn
592 3321 792 3388 sanquinem
807 3323 858 3375 de·
907 3317 1420 3390 unorateurqu'unjurisconsulte3

340 3394 531 3460 perdebat„
548 3393 729 3447 Atticum...
742 3406 775 3446 se
791 3393 858 3447 dici
906 3392 936 3443 el
968 3387 1029 3444 l'on
1060 3392 1133 3460 peut
1175 3389 1326 3446 s'etonner
1362 3407 1421 3464 que

345 3468 506 3518 oratorem
528 3463 765 3526 uolebat;inde
785 3467 859 3517 erat
907 3460 1010 3525 Quint.
1038 3459 1066 3514 le
1093 3460 1151 3516 site
1184 3461 1202 3515 a
1235 3465 1311 3516 cette
1335 3461 1420 3534 place

345 3536 412 3590 ista
424 3535 568 3599 anilitas,
580 3548 681 3603 quarn
693 3535 750 3587 ille
761 3535 858 3588 dein·
907 3531 1012 3626 quand
1027 3530 1151 3586 Cice'ron
1167 3548 1185 3585 a
1200 3531 1245 3586 dit
1259 3533 1295 3588 de
1309 3533 1365 3600 lui,
1382 3549 1419 3589 cn

344 3607 477 3661 dustria
493 3605 760 3673 consequebatur.
778 3604 858 3661 C'est
907 3602 1086 3658 sassooiant
1097 3601 1280 3659 lui-memed
1294 3603 1417 3676 l'eloge:

342 3676 371 3732 le
388 3677 543 3747 'ugement
562 3675 673 3747 auquel
700 3675 805 3740 Quint.
826 3692 858 3732 se
908 3678 944 3728 tu
968 3675 1092 3729 uideris
1117 3674 1200 3743 (c'est
1223 3675 1338 3731 Brutus
1367 3677 1421 3748 qui

343 3694 393 3803 rle
408 3764 450 3803 re.
905 3744 1002 3816 parle)
1034 3749 1165 3800 tantum
1192 3749 1286 3813 juris
1311 3749 1420 3803 civilis

377 3819 560 3875 Calumnia.
572 3817 620 3874 Cf.
633 3817 715 3885 VIII,
722 3833 856 3890 prooem.
906 3818 989 3872 scire
1003 3818 1144 3872 voluisse
1159 3823 1323 3886 quantum
1337 3821 1421 3874 satis

341 3891 401 3952 31:
424 3894 539 3945 nullus
565 3895 612 3945 est
630 3890 709 3962 finis
731 3893 858 3945 calum·
906 3893 990 3943 esset
1005 3890 1129 3943 oratori
1153 3893 1184 3942 et
1208 3891 1338 3944 Servius
1354 3893 1422 3945 elo-

343 3965 465 4018 niandi
492 3977 525 4018 se
554 3966 585 4016 et
613 3976 687 4017 curn
713 3962 858 4030 sinquiis
906 3961 1061 4029 quentiae
1101 3964 1230 4014 tanturn
1268 3977 1422 4030 assnrnp-
1487 3966 1490 3975 '

337 4035 592 4102 paenesyllabis
607 4034 856 4100 commoriendi,
905 4032 1005 4096 sisse,
1047 4035 1085 4084 ut
1104 4032 1163 4097 ius
1202 4033 1298 4086 civile
1322 4033 1421 4102 facile

342 4106 382 4170 X,
406 4105 436 4171 3,
456 4106 514 4160 10:
538 4103 707 4174 infelicem
728 4107 858 4158 catuni-
900 4103 1006 4170 possit
1035 4103 1131 4156 tueri.
1156 4103 1259 4170 (Brut.
1284 4103 1419 4174 40‚150).

342 4178 461 4232 niandi
474 4191 507 4231 se
518 4191 672 4247 poenarn.
697 4174 783 4230 Cette
798 4177 857 4230 dis-
905 4172 1009 4238 Quint.
1026 4172 1083 4227 cite
1099 4173 1116 4226 a
1131 4187 1275 4229 nouveau
1290 4174 1334 4229 les
1346 4176 1419 4230 trois

339 4248 475 4319 position
495 4248 620 4372 d'esprit
637 4248 684 4301 est
699 4247 858 4302 caracteri-
904 4244 1041 4299 discours
1053 4243 1089 4298 de
1101 4242 1264 4370 Sulpicius,
1277 4245 1418 4317 plushos‚

340 4320 389 4387 see
406 4321 474 4375 tout
492 4335 532 4373 au
569 4316 858 4389 ompotentiae
904 4317 931 4381 7.
948 4314 992 4371 30.
1007 4314 1053 4371 Cf.
1068 4314 1138 4386 plus
1176 4317 1420 4384 aut,2daveola

338 4387 370 4443 la
383 4390 463 4445 suite
479 4390 516 4444 de
539 4393 617 4474 cette
631 4389 754 4460 phrase.
903 4389 984 4442 note.
