3317 5159
828 269 1009 337 ..144-

382 418 400 477 7
441 425 503 480 tem
524 419 746 497 cogitationem.
785 419 879 498 Pejus
902 419 985 479 enim
1009 418 1166 497 quaeritur
1189 423 1352 496 retrorsuS,
1371 416 1453 496 quia,

440 518 515 578 dum
538 518 589 579 illa
606 517 825 596 desideramus,
851 519 890 579 ab
915 518 982 578 aliis
1005 517 1183 591 avertimur,
1207 521 1236 576 et
1259 535 1296 576 ex
1312 517 1456 577 memoria

441 612 541 690 potius
556 631 605 672 res
619 613 752 691 petimus
766 631 860 691 quom
874 632 912 673 ex
927 611 1064 673 materia.
1094 610 1187 670 Plura
1204 615 1276 670 sunt
1289 615 1403 681 autem,
1432 611 1457 670 si

439 703 610 789 'utcumque
639 712 849 789 quaerendum
874 716 931 789 est,
957 729 1034 790 quae
1057 708 1184 769 inveniri
1210 714 1338 788 possunt
1365 727 1457 788 quam

440 829 518 888 quae
533 811 656 870 inventa
671 815 754 870 sunt.

416 997 444 1052 7.
453 1001 637 1068 Reuersus,
649 997 894 1070 termepoetique
979 998 1045 1051 Illo
1059 1017 1091 1038 =
1105 997 1259 1066 copelata.

380 1070 470 1142 passe
499 1069 574 1123 dans
602 1068 634 1123 la
671 1084 760 1140 prose
786 1069 894 1140 depuis
986 1069 1163 1138 Utcumque
1191 1071 1221 1123 et
1244 1082 1306 1123 non
1334 1072 1458 1122 utrum·

381 1141 519 1212 Auguste
541 1143 571 1196 ct
594 1141 818 1211 frequemment
835 1155 895 1196 em·
943 1155 1005 1209 que
1029 1155 1088 1210 que
1112 1139 1250 1194 donnent
1271 1137 1316 1194 les
1334 1139 1392 1194 Ms.
1408 1139 1455 1194 cf.

380 1210 472 1285 ploye
487 1227 543 1285 par
555 1211 658 1277 Quint.
671 1213 895 1273 -Quueritur
923 1211 971 1277 ,1,
1002 1211 1053 1266 131
1082 1213 1112 1267 et
1134 1210 1166 1265 la
1187 1213 1268 1266 note.
1294 1209 1455 1266 D'autres:

381 1289 461 1339 retr.
471 1285 687 1352 :respicitur
697 1299 742 1338 un
750 1284 895 1352 copitata
944 1284 1123 1352 utrimque,
1133 1282 1234 1338 c.-e-d.
1245 1297 1286 1337 em
1297 1283 1456 1337 memoria

381 1357 494 1409 omnia
509 1356 576 1410 sint
592 1356 689 1410 dicta.
944 1359 972 1408 et
989 1369 1030 1409 coo
1045 1355 1199 1410 materia.
1217 1369 1220 1376 ¹

380 2270 396 2331 1
480 2271 631 2335 Maximus
656 2295 726 2335 vero
751 2275 923 2336 studiorum
946 2276 1064 2335 fructus
1086 2279 1131 2333 est
1146 2277 1175 2333 et
1189 2271 1271 2332 velut
1285 2270 1453 2349 praemium

439 2370 591 2447 quoddam
618 2374 842 2453 amplissimum
871 2373 953 2451 longi
977 2373 1087 2433 laboris
1110 2391 1147 2432 ex
1175 2377 1309 2451 tempore
1335 2369 1454 2429 dicendi

439 2470 576 2546 facultas
595 2489 687 2548 quam
713 2473 766 2549 qui
790 2491 851 2531 non
876 2472 932 2531 erit
954 2478 1145 2550 consecutuS,
1162 2490 1228 2531 mea
1244 2470 1367 2549 quidem
1388 2486 1455 2528 sen·

439 2566 532 2625 tentia
547 2567 687 2628 civilibus
701 2569 809 2628 officiis
825 2569 1012 2629 renuntiabit
1026 2575 1055 2629 et
1070 2570 1165 2630 solam
1180 2568 1332 2629 scribendi
1362 2566 1455 2626 facul-

438 2667 530 2722 tatem
555 2666 655 2743 potius
679 2667 716 2726 ad
735 2667 793 2727 alia
807 2686 897 2746 opera
909 2673 1073 2728 convertet.
1104 2669 1162 2727 Vix
1176 2668 1257 2727 enim
1272 2666 1369 2726 honae
1384 2664 1453 2724 fidei

439 2761 501 2820 viro
516 2765 656 2824 convenit
669 2766 817 2826 auxilium
833 2767 865 2825 in
880 2766 1037 2845 publicum
1051 2767 1196 2846 polliceri,
1212 2766 1292 2844 quod
1313 2783 1454 2845 praesen-

437 2860 565 2922 tissimis
579 2863 751 2944 quibusque
765 2864 910 2945 periculis
925 2865 1022 2941 desit;
1040 2866 1154 2927 intrare
1168 2871 1301 2945 portum,
1313 2864 1351 2925 ad
1361 2883 1453 2943 quem

412 3051 439 3107 1.
462 3049 621 3112 Civilibus
641 3055 770 3128 officiis.
795 3058 841 3114 uf.
863 3057 891 3126 3,
941 3064 993 3115 tus
1026 3063 1056 3116 et
1087 3075 1166 3116 nous
1195 3074 1344 3115 revenons
1380 3072 1453 3114 avec

377 3124 411 3178 11
423 3126 495 3181 ella
510 3129 892 3197 note.-Rcuuutiabit;
938 3131 1103 3187 Meistere
1134 3131 1165 3186 la
1190 3129 1278 3199 locon
1307 3130 1361 3187 des
1393 3130 1452 3186 Me.

376 3195 405 3282 le
420 3196 507 3252 futur
521 3197 558 3252 de
572 3197 763 3270 l'injonction
779 3203 892 3274 tempe·
939 3203 1077 3275 Quoique
1128 3204 1172 3259 les
1225 3204 1454 3276 comparaisons

378 3283 437 3331 ree,
453 3268 491 3324 cf.
507 3271 535 3337 1,
549 3269 583 3324 41
596 3271 892 3329 et58.Reuuutiore
940 3275 1029 3330 dures
1056 3278 1086 3330 et
1116 3275 1228 3331 sorcees
1263 3275 1362 3332 soient
1398 3275 1453 3331 fre-

377 3354 463 3422 avec·
477 3356 509 3395 ce
531 3356 601 3395 sens
621 3343 698 3397 n'eet
724 3361 780 3416 pas
801 3345 838 3400 de
861 3345 892 3400 la
940 3349 1068 3417 quentee
1083 3347 1154 3402 chez
1176 3348 1298 3416 Quint„
1315 3351 1391 3404 cette
1407 3363 1451 3402 as·

377 3407 497 3465 latrmte
511 3411 673 3485 classique,
690 3416 892 3474 maieseren-
940 3417 1109 3472 similation
1131 3418 1209 3473 d'uu
1231 3419 1357 3476 homme
1376 3433 1451 3474 avec

377 3484 480 3536 contre
494 3482 563 3554 deje
577 3483 648 3538 chez
663 3485 810 3559 seneque.
942 3491 1070 3545 lePirec
1081 3491 1450 3563 estpartropchoquante.

412 3554 570 3636 Solam:
586 3571 686 3624 quum
710 3561 815 3616 solam
831 3559 892 3614 clei
939 3553 1043 3616 llsout
1064 3562 1216 3617 rattacher
1233 3563 1363 3618 intrare
1374 3577 1454 3632 por-

370 3629 559 3692 puraoemt.
942 3637 1011 3686 tum
1033 3632 1052 3687 e
1073 3635 1130 3688 viro
1156 3635 1318 3690 convenit.
1342 3633 1408 3705 Ily
1436 3649 1454 3688 a

411 3698 451 3750 Iu
463 3698 633 3779 publicum
643 3699 892 3766 polliceritEx·
940 3703 1045 3777 ellipse
1065 3705 1106 3760 du
1127 3704 1214 3776 point
1234 3705 1270 3761 de
1288 3705 1454 3778 comparai-

375 3782 513 3839 preseron
535 3768 650 3824 formee
665 3786 721 3842 par
739 3772 891 3842 analogio,
940 3789 996 3829 son
1006 3790 1013 3830 :
1025 3780 1056 3829 et
1068 3781 1238 3846 tamquam
1248 3779 1453 3846 puberuutor.

378 3853 495 3896 comme
510 3841 547 3895 iu
559 3842 743 3908 publicum,
759 3844 796 3897 tu
811 3859 893 3899 com·
939 3846 987 3901 Cf.
1004 3863 1082 3919 pour
1097 3863 1129 3903 ce
1143 3848 1270 3921 procede
1281 3849 1318 3905 de
1333 3849 1413 3919 style
1425 3849 1452 3911 1,

375 3925 474 3966 muno
500 3915 683 3981 consulere,
705 3917 890 3983 providere.
938 3917 1045 3972 46116
1060 3922 1140 3974 note.
1164 3918 1377 3992 L'imprudent
1401 3920 1455 3991 qui

374 3980 420 4037 De
434 3986 532 4038 meme
546 3983 617 4039 chez
626 3984 764 4052 ciceron,
778 3988 816 4040 de
826 3987 890 4041 clio.
939 4004 977 4043 ne
988 3993 1061 4060 peut
1076 3990 1267 4062 improvisor,
1279 3995 1325 4047 est
1337 4006 1455 4048 comme

374 4055 576 4122 (ltpollt‘cem'
592 4071 724 4124 operam
742 4072 851 4115 suam.
939 4059 967 4114 le
982 4059 1076 4130 pilotc
1100 4062 1153 4132 qui
1176 4062 1305 4118 offrirait
1329 4063 1366 4118 de
1388 4078 1455 4119 con·

410 4127 653 4182 Intrare.Nous
666 4128 891 4184 abandonnons
940 4131 1025 4186 duire
1041 4131 1117 4187 dane
1136 4149 1179 4188 un
1200 4137 1269 4205 port
1290 4134 1413 4191 difficile
1436 4134 1455 4188 e

374 4193 405 4250 la
432 4197 604 4268 conjecture
629 4198 666 4254 de
701 4199 821 4270 Memor,
849 4217 892 4256 re·
939 4202 1078 4271 aberder,
1090 4206 1120 4258 et
1142 4220 1180 4259 ne
1202 4205 1319 4261 saurait
1330 4205 1358 4260 16
1378 4205 1454 4261 faire

374 4267 455 4341 prise
477 4284 534 4342 par
556 4269 669 4326 Halm:
695 4272 808 4328 instar
817 4287 893 4341 por·
939 4289 998 4346 que
1014 4290 1071 4347 por
1085 4290 1128 4330 un
1142 4279 1241 4349 tempo
1257 4275 1425 4334 favorable.
1511 4291 1522 4313 ·
