3317 5159
633 342 793 407 ..51-

170 500 307 559 Varro
331 498 363 557 in
388 498 437 574 iis,
464 516 519 577 per
541 516 618 575 quae
642 515 753 557 nornen
777 500 823 555 est
837 496 1011 574 adsecutus,
1034 497 1184 577 interpres

170 597 269 676 operis
288 596 390 673 alieni,
412 615 472 657 non
488 595 678 675 spernendus
693 594 829 673 quidem,
845 612 951 653 verum
966 595 1186 673 adaugendam

169 694 475 755 facultatemdicendi
489 713 598 773 parum
613 693 758 773 locuples,
783 692 962 752 Ennium
983 693 1063 753 sicut
1086 713 1187 757 sacros
1207 695 1247 757 88

170 796 318 853 vetustate
343 791 426 851 lucos
449 792 623 868 adoremus,
640 791 672 850 in
687 790 799 869 quibus
813 789 940 867 grandia
957 794 987 849 et
1000 791 1126 869 antiqua
1138 811 1187 852 ro-

169 889 242 949 bora
256 889 321 967 jam
335 910 396 950 non
411 896 527 951 mntem
551 890 666 951 habent
687 889 818 968 speciem
833 892 979 966 quantam
994 889 1184 967 religionem.

170 987 329 1068 Prapiores
350 990 401 1049 alii
416 994 506 1069 atque
520 989 557 1049 ad
573 990 642 1064 hoc,
659 988 771 1068 dequo
793 987 957 1069 loquimur,
973 988 1071 1067 magis
1083 989 1183 1050 utiles.

171 1292 315 1357 Graecis,
347 1293 525 1346 Varronem
551 1305 591 1346 ac
614 1292 684 1344 Ln-
735 1289 931 1361 recompensa
961 1289 998 1345 de
1028 1306 1084 1346 son
1118 1306 1248 1363 courage

171 1363 360 1418 cretinmin
371 1363 683 1431 Latinisquiprae-
736 1360 812 1431 (Cro.
847 1362 940 1417 Arcti.
965 1359 1006 1431 9.)
1030 1362 1110 1418 C'est
1138 1363 1176 1419 de
1202 1366 1250 1420 cet

170 1436 683 1503 ceptasapientiaeversibustra·
736 1447 871 1502 ouvrage
889 1449 948 1504 que
962 1431 1047 1505 parle
1069 1434 1108 1489 ici
1124 1434 1249 1501 Quinti-

171 1508 342 1561 dicterunt.
735 1503 814 1573 lien;
830 1520 870 1559 on
885 1503 912 1559 le
925 1504 1009 1560 lisait
1023 1509 1053 1560 et
1067 1520 1107 1560 on
1121 1506 1150 1562 le
1163 1523 1250 1562 com-

212 1579 321 1640 Varro,
352 1577 388 1632 de
409 1576 522 1644 l’Atax,
545 1576 618 1631 ville
642 1592 682 1631 ou
735 1576 865 1630 mentait
884 1591 990 1631 encore
1010 1591 1083 1631 sous
1102 1577 1247 1650 l'empire.

170 1648 277 1704 riviere
298 1648 334 1703 de
361 1648 391 1703 la
417 1648 514 1704 Gaulo
537 1648 683 1704 Narbon·
734 1645 923 1702 Aula-Gella
960 1646 1084 1718 (XVIII,
1121 1648 1150 1719 5)
1192 1650 1250 1705 fait

171 1720 256 1775 naiso
278 1721 326 1789 (P.
352 1720 534 1789 Terentius3
549 1720 585 1775 82
607 1722 626 1773 a
647 1719 682 1775 37
734 1718 873 1773 mention
888 1718 960 1773 d'un
975 1721 1248 1793 Ennianistaqni

170 1807 219 1846 av.
254 1791 350 1861 J.-C.)
387 1806 531 1864 composa
564 1805 682 1847 comme
734 1789 762 1845 le
788 1789 918 1844 dehitait
940 1789 977 1845 de
1000 1806 1055 1845 son
1085 1795 1183 1865 temps
1209 1809 1249 1849 au

171 1878 290 1918 oeuvres
322 1863 485 1933 originales
509 1878 570 1918 une
602 1866 682 1917 sorte
734 1861 853 1917 theatro
873 1861 910 1916 de
933 1860 1107 1918 Pouzzoles.
1132 1864 1250 1930 Quinti-

171 1934 208 1989 de
223 1935 329 2005 poema
345 1934 454 2007 epique
474 1934 551 1989 dans
566 1934 597 1989 la
619 1950 682 1988 ma·
733 1933 794 1987 lien
824 1948 863 1987 ne
886 1931 1021 2005 rappelle
1036 1936 1067 1987 ni
1088 1934 1132 1989 les
1151 1937 1248 1992 comt-

170 2005 253 2061 niere
269 2006 417 2061 d'Ennius
433 2005 513 2061 etde
533 2006 679 2062 Naevius:
734 2004 815 2072 dies,
845 2004 878 2058 ni
901 2004 945 2059 les
967 2005 1127 2075 tragediae,
1150 2008 1183 2062 ni
1201 2007 1246 2064 les

169 2079 299 2131 Bellum
308 2080 551 2146 aequanimus,-
565 2077 619 2133 des
630 2077 682 2133 Sa·
734 2076 843 2131 satires
857 2076 1016 2131 d’llnnius.
1032 2076 1171 2135 Pources
1184 2079 1249 2135 der-

170 2148 243 2203 tires
276 2150 326 2209 ou.
351 2148 398 2204 s’il
424 2166 462 2205 en
490 2150 559 2204 faut
586 2150 681 2204 croire
734 2149 844 2214 nterea,
868 2163 898 2203 v.
928 2147 998 2221 plus
1014 2148 1081 2215 has,
1096 2149 1141 2205 95.

170 2220 289 2275 Horace
301 2220 375 2288 (Sat.
388 2221 682 2289 I,10,46:Hocerat
770 2222 885 2275 Sacros
933 2224 1113 2275 uetustate·
1147 2220 1246 2278 tucos.

171 2292 442 2360 eapertafrustra
454 2296 682 2348 VarroneAta·
734 2290 956 2361 Comparaison
995 2291 1136 2374 penetres
1176 2294 1249 2350 d'un

170 2365 276 2419 cino...
297 2365 417 2419 Mettus
436 2368 521 2433 quad
541 2366 681 2420 scribere
734 2364 853 2434 respect
870 2365 938 2417 tout
953 2361 1110 2434 relrgieux.
1126 2365 1173 2419 En
1192 2365 1249 2422 lire

165 2436 317 2505 possem),
341 2434 363 2489 il
385 2451 422 2490 ne
444 2436 556 2491 reussit
570 2436 660 2507 guare
672 2450 680 2503 ;
733 2432 762 2488 le
784 2434 1001 2489 commentaire
1025 2436 1097 2490 chez
1123 2435 1248 2505 Preller,

170 2509 199 2561 et
223 2507 305 2561 enfin
325 2506 377 2561 des
402 2523 521 2562 oeavres
546 2508 582 2561 de
607 2522 682 2591 puro
734 2508 843 2561 Itoana
865 2506 998 2573 Myrtoi.
1014 2521 1045 2577 p.
1066 2506 1102 2561 95
1116 2510 1146 2563 et
1168 2510 1248 2564 suiv.

170 2577 336 2641 imitation,
357 2577 537 2633 cellesdont
559 2577 683 2641 Quinti·
734 2608 770 2616 -
789 2578 942 2632 Grandia
971 2581 1002 2632 et
1031 2580 1176 2648 antiqua
1199 2596 1248 2636 ro·

169 2648 229 2703 lien
266 2649 350 2721 parle
387 2650 436 2713 ici,
474 2649 601 2722 epiques
639 2664 680 2704 ou
735 2648 1049 2717 hermensassen.
1066 2650 1173 2705 41:82·
1191 2653 1250 2707 tibi

170 2720 377 2793 didactiques:
405 2721 450 2777 les
479 2723 683 2790 Argonauti-
735 2722 881 2775 occurrit
910 2723 1049 2775 vetustis
1078 2723 1249 2778 arboribus

172 2794 278 2861 tiques
302 2792 420 2864 d'apris
439 2792 622 2865 Apollonius
646 2792 683 2847 de
736 2793 1251 2864 etsolitamattitndinernapres·

171 2863 304 2926 Rhodes,
349 2868 382 2919 ta
422 2864 683 2932 Chronoaraphie
735 2866 781 2919 sis
806 2864 963 2933 frequens
986 2866 1126 2919 incuset
1154 2881 1251 2922 cons-

170 2934 288 3006 d'apres
301 2936 532 2999 Eratosthenes,
545 2935 590 2991 les
605 2938 683 2991 Ptre-
731 2940 865 3004 pectam
889 2936 974 2990 caeti
997 2938 1162 2993 densitate
1191 2953 1251 2992 ra-

172 3008 324 3061 nomenes
344 3007 463 3079 d'apres
478 3008 602 3074 Aratus,
625 3010 681 3063 eto.
737 3020 866 3061 morum
881 3008 1027 3061 aliorum
1041 3009 1125 3062 alias
1134 3015 1250 3077 prote-

206 3078 683 3148 Nomen=fananat72ot
735 3078 887 3148 nentium
934 3078 1136 3143 submovens,
1185 3082 1248 3136 illa

170 3148 223 3203 120
238 3152 267 3204 et
288 3150 397 3206 Taum.
413 3152 498 3205 Dial.
514 3150 549 3206 10
565 3165 683 3205 nomen
732 3151 928 3219 proceritas
951 3150 1055 3205 silvae
1087 3157 1250 3208 secretum

170 3221 317 3277 inserere
333 3222 466 3292 famae,·
484 3222 527 3277 ib.
540 3222 576 3277 36
588 3238 595 3277 ε
605 3224 684 3291 plns
738 3224 798 3278 loci
814 3226 846 3277 et
859 3222 1042 3277 admiratio
1061 3224 1196 3279 umbrae
1212 3226 1250 3280 in

171 3294 311 3348 notitiae
344 3309 382 3349 nc
418 3295 566 3350 nominis
594 3296 684 3362 apud
736 3298 849 3364 aperto
889 3298 957 3347 iarn
996 3294 1117 3347 densae
1151 3300 1250 3365 atque

166 3365 291 3432 plebem
301 3368 454 3433 parabat.
737 3367 927 3433 continuae,
953 3365 1051 3436 fidem
1069 3365 1127 3420 tibi
1142 3369 1251 3423 numi·

206 3435 251 3489 88.
272 3438 419 3492 Ennium
430 3455 441 3503 ,·
459 3437 495 3492 da
515 3436 630 3493 Rudies
646 3452 683 3492 en
735 3439 788 3492 nis
802 3438 897 3505 facit.
969 3447 974 3453 ·

172 3505 301 3561 Calabra
316 3508 379 3577 (2.)ss
400 3510 416 3563 a
436 3509 488 3564 169
506 3525 555 3564 av.
580 3507 682 3575 J.-C.l,
771 3510 925 3577 Speciem.
951 3507 995 3562 De
1020 3512 1117 3563 meme
1142 3506 1248 3581 Ouide,

171 3578 328 3632 considere
342 3594 459 3634 comme
474 3580 501 3635 le
514 3581 585 3652 pere
601 3580 637 3634 de
653 3579 683 3634 la
740 3582 836 3635 Trist.
854 3579 894 3646 ΙΙ,
918 3578 989 3634 424:
1015 3582 1146 3635 Ennius
1160 3580 1249 3645 inpe-

171 3647 341 3704 litterature
374 3648 510 3707 romainc
545 3668 617 3706 sous
653 3650 684 3705 la
736 3652 790 3707 nia
817 3652 998 3717 manaimus,
1024 3656 1097 3706 arte
1131 3653 1249 3715 rudis,

171 3719 451 3791 Republique;qui
464 3723 597 3790 primus
609 3738 684 3777 arn·
734 3723 804 3777 Ain.
828 3721 854 3786 I,
872 3723 917 3788 15,
945 3723 999 3778 to:
1024 3724 1154 3778 Ennius
1175 3727 1249 3776 arte

171 3805 251 3845 oeno
292 3794 414 3847 detulit
450 3810 490 3849 ea
526 3796 682 3849 Helicone
735 3808 875 3859 carens;
909 3796 939 3848 et
971 3794 1083 3858 Qurur.
1106 3794 1130 3861 I,
1163 3794 1192 3860 8,
1213 3793 1247 3849 8:

166 3866 309 3930 perenni
361 3864 479 3931 fronde
529 3880 683 3920 coronans
731 3866 959 3934 ptusinaenia
983 3880 1083 3933 quana
1105 3870 1250 3921 artava-

172 3932 281 3999 (Luan.
310 3934 333 4000 Ι,
359 3935 422 4001 llll)
437 3952 445 4005 3
474 3935 591 3992 celebre
614 3952 684 3991 sur-
738 3940 873 3991 luerunt
886 3937 1021 4007 (ueteres
1039 3938 1161 3997 latinii.

170 4007 238 4059 tout
258 4021 314 4075 par
333 4022 380 4061 ses
404 4010 560 4073 Annales,
577 4008 684 4079 poema
773 4010 955 4075 Prapiores.
970 4007 1039 4061 Non
1056 4024 1111 4078 pas
1137 4008 1250 4076 Verni-

170 4075 684 4207 itlllioel>titillatum
735 4078 1248 4221 lituttrzolllillltelli?‘ill'

172 4218 281 4291 depuis
309 4218 446 4291 l'origine
475 4222 599 4293 jusau’a
628 4238 683 4278 son
736 4225 784 4277 ost
798 4224 866 4294 trop
888 4205 963 4287 loin,
986 4221 1065 4276 mais
1084 4222 1120 4277 de
1142 4191 1248 4277 n'ostri

171 4293 283 4361 temps,
308 4295 338 4346 et
366 4293 458 4348 ou'la
480 4293 621 4348 noblesse
647 4294 683 4349 de
736 4295 853 4362 aperis,
871 4295 1003 4347 oontenu
1026 4292 1104 4348 dans
1123 4296 1167 4353 aci
1192 4294 1248 4354 hoc

171 4360 268 4419 Romo
280 4364 417 4419 trouvait
431 4380 487 4441 par
501 4364 531 4422 la
546 4365 640 4439 gleire
653 4365 684 4431 la
737 4368 774 4426 cte
789 4381 850 4441 qno
866 4365 1041 4441 loquimur,
