3317 5159
662 327 833 392 ..93-

203 508 236 550 se
258 489 291 548 in
313 487 441 548 dicendo
464 505 552 566 posse
573 487 621 561 iia,
646 487 759 565 quibus
780 487 824 546 illi
848 486 1012 565 placerent,
1036 485 1198 546 diffideret.

202 585 355 650 Amabant
368 591 471 645 autem
491 604 562 645 eum
582 586 680 662 magis
697 604 791 663 quem
807 584 1006 645 imitabantur
1020 589 1201 662 tantumque

203 683 241 743 ab
256 701 291 742 eo
314 682 499 760 defluebant,
523 688 673 761 quantum
698 683 748 743 ille
771 682 810 742 ab
831 681 966 760 antiquis
991 681 1199 740 descenderat.

203 782 292 842 Feret
312 782 395 840 enim
415 781 593 860 optandum,
617 799 705 860 pares
729 800 764 841 ac
785 781 892 840 saltem
909 780 1061 858 proximos
1081 779 1124 838 illi
1138 779 1202 838 viro
1221 776 1282 852 127

202 879 281 939 lieri.
298 879 357 939 Sed
372 879 507 959 placebat
522 885 644 958 propter
658 879 720 939 sola
745 878 816 938 vitia
840 883 870 938 et
894 878 932 938 ad
957 896 991 937 ea
1016 895 1048 936 se
1071 876 1201 954 quisque

203 976 350 1053 dirigebat
365 976 548 1053 effingenda,
564 995 642 1054 quae
657 964 792 1055 poterat:
806 975 916 1034 deinde
932 994 1004 1034 cum
1027 993 1059 1033 se
1072 973 1201 1051 jactaret

203 1075 310 1134 eodem
328 1074 416 1133 modo
438 1074 548 1148 dicere,
566 1074 714 1134 Senecam
733 1072 911 1133 infamabat.
930 1071 1025 1149 Cujus
1045 1077 1075 1130 et
1088 1071 1203 1131 multae
1223 1070 1283 1131 118

203 1173 315 1250 alioqui
330 1180 360 1232 et
373 1190 501 1250 magnae
515 1172 642 1231 virtutes
663 1172 799 1248 luerunt,
819 1170 979 1248 ingenium
999 1169 1086 1230 facile
1104 1174 1134 1228 et
1154 1188 1202 1228 co-

204 1271 335 1350 piosum,
359 1270 527 1349 plurimum
551 1270 655 1347 studii,
674 1263 776 1329 'multa
799 1287 904 1328 rerum
928 1269 1068 1345 cognitio,
1095 1268 1127 1326 in
1142 1286 1202 1346 qua

204 1374 307 1428 tamen
320 1369 482 1446 aliquando
496 1368 535 1428 ab
549 1370 609 1443 his,
626 1369 739 1447 quibus
755 1367 936 1445 inquirenda
951 1367 1100 1445 quaedam
1117 1385 1203 1427 man-

203 1467 305 1544 dabat,
329 1467 473 1546 deceptus
496 1473 553 1527 est.
570 1467 719 1527 Tractavit
744 1466 836 1526 etiam
861 1484 983 1524 omnem
1008 1466 1071 1524 fere
1090 1465 1203 1524 studio-
1225 1464 1283 1526 129

204 1585 274 1624 rum
288 1565 467 1625 materiam:
484 1585 556 1624 nam
571 1571 601 1624 et
616 1566 765 1624 orationes
786 1564 853 1642 ejus
872 1569 901 1622 et
925 1569 1061 1642 poemata
1076 1569 1107 1623 et
1120 1563 1197 1642 epis-

205 1768 335 1822 ratioue
351 1768 405 1822 aut
423 1769 583 1823 detineret
607 1768 718 1841 (Nero-
766 1767 844 1822 dans
859 1766 968 1823 l'ordre
980 1765 1033 1822 des
1043 1767 1178 1822 soiences
1195 1770 1270 1822 natu

207 1840 439 1909 uemauertt't).
766 1839 866 1894 relles.
904 1838 998 1894 Outre
1018 1837 1063 1892 les
1094 1841 1161 1910 sept
1188 1837 1282 1894 livres

240 1911 430 1978 Defiuebaut
468 1933 500 1959 .-
540 1913 720 1981 depenera-
766 1911 997 1970 Qataestiouum
1044 1911 1280 1978 Naturalium,

206 1982 306 2047 baut,·
343 1981 380 2036 de
415 1985 512 2036 meme
548 1981 572 2049 I,
615 1982 643 2045 8,
681 1983 717 2038 9:
766 1982 869 2037 dedies
891 1982 909 2035 a
932 1979 1079 2046 Lucilius,
1101 1980 1155 2051 qui
1179 1981 1283 2036 iurent

206 2054 339 2123 quaudo
355 2066 412 2107 uos
424 2054 720 2110 tuomutadeticta-
767 2069 806 2108 au
833 2067 944 2107 moron
968 2052 1106 2122 agenna
1138 2055 1220 2106 sorte
1246 2052 1282 2108 de

205 2139 282 2178 rum
312 2125 408 2189 vitta,
439 2125 571 2179 dicendi
595 2139 720 2194 quoque
767 2069 898 2178 manuel
907 2124 943 2178 de
959 2123 1111 2194 physique
1135 2122 1282 2194 al'usage

205 2197 336 2250 ratione
367 2195 580 2263 defluximus.
607 2196 633 2251 11
657 2213 678 2266 y
702 2212 720 2250 a
767 2193 1019 2262 dese'coles,Sen.
1036 2194 1281 2249 avaittraitezde

205 2265 720 2394 ainabauraetatum
767 2271 1059 2392 1111116νὲ1111
1082 2266 1281 2392 latratu

896 2378 904 2405 t
1209 2379 1216 2404 1

206 2413 236 2464 61
252 2408 288 2463 de
304 2409 466 2476 defluere:
485 2425 518 2466 ce
540 2411 593 2481 qui
614 2409 720 2466 n'etait
766 2410 833 2463 situ
856 2413 886 2462 et
909 2409 1014 2463 saeris
1036 2410 1280 2477 Aepypttorum,

207 2479 318 2551 qu’uno
354 2480 522 2534 decedente
554 2481 625 2535 chez
664 2481 720 2535 se·
767 2483 806 2534 de
829 2481 939 2548 forma
970 2482 1101 2545 muudi,
1124 2494 1203 2551 pour
1224 2479 1280 2534 les-

208 2551 316 2621 neque,
333 2550 503 2606 devientun
517 2551 722 2608 ecroulement
766 2551 855 2623 quels
869 2550 892 2605 il
910 2567 928 2605 a
945 2551 987 2605 du
1007 2549 1170 2605 s'adresser
1192 2551 1210 2604 a
1228 2551 1281 2606 des

208 2621 279 2675 chez
295 2637 343 2676 ses
356 2622 542 2679 imitateurs.
767 2621 968 2694 specialiates,
985 2623 1038 2692 qui
1053 2621 1097 2676 lui
1110 2622 1281 2678 fournirent

243 2694 416 2762 Auttqut'a,·
433 2693 478 2748 les
500 2693 668 2766 classiques
691 2697 722 2749 et
766 2692 811 2748 les
827 2693 1000 2747 materiaux
1020 2693 1207 2763 techniques.

208 2778 271 2818 non
286 2762 330 2818 les
351 2765 475 2818 enciens
491 2764 617 2820 d’avant
640 2765 721 2821 Cice·
801 2766 865 2819 1211.
882 2766 1063 2819 Orationes.
1077 2763 1103 2818 11
1119 2765 1188 2818 n'en
1202 2767 1282 2820 reste

209 2850 276 2901 ron,
290 2834 344 2906 qui
364 2836 496 2890 seraient
512 2836 555 2891 les
577 2842 700 2892 veteres
711 2859 720 2899 ;
789 2835 871 2902 oint;
890 2836 969 2889 mais
993 2850 1065 2889 sans
1087 2839 1223 2906 compter
1237 2834 1281 2890 les

209 2905 248 2961 cf.
265 2905 334 2978 plus
349 2905 489 2968 haut,40.
767 2852 906 2961 discours
941 2905 1016 2978 qu’il
1049 2905 1113 2960 redi
1135 2921 1170 2960 66
1204 2921 1282 2978 pour

243 2978 306 3031 tat.
331 2978 436 3032 Feret.
460 2977 653 3050 L’imparfait
675 2979 721 3034 in·
767 2978 868 3033 Neron
885 2922 1280 3046 1Τ66.166.Χ111,3,11;

209 3047 303 3118 dique
318 3063 377 3172 que
394 3048 498 3114 Quint.
516 3064 554 3103 ne
575 3050 651 3104 croit
665 3066 721 3122 pas
768 3049 850 3115 XIV,
866 3049 901 3103 10
916 3054 946 3104 et
961 3048 1064 3118 suia),
1089 3051 1281 3103 notamment

209 3117 272 3173 616
282 3120 332 3173 rea
346 3119 458 3174 isation
473 3120 511 3174 de
526 3136 581 3174 son
592 3137 672 3176 voeu.
682 3121 719 3175 K.
767 3120 846 3176 celui
861 3135 919 3191 que
930 3119 1112 3190 l’empereur
1126 3134 1282 3190 prononca
1302 3167 1308 3178 .

209 3192 308 3246 Get.
324 3191 387 3254 148,
399 3195 430 3245 et
450 3192 528 3247 suiv.
547 3192 721 3247 Dansoette
767 3207 807 3246 au
823 3191 917 3246 Senat
939 3193 1026 3263 apres
1048 3189 1077 3245 le
1096 3195 1229 3245 meurtre
1244 3190 1281 3246 de

209 3264 355 3318 tournure
372 3267 402 3317 et
419 3261 497 3317 dans
520 3261 720 3335 l'expression
768 3279 802 3317 sa
814 3263 897 3317 mere
918 3260 1040 3329 (Qumr.
1068 3262 1148 3324 Vlll,
1168 3262 1196 3330 5,
1221 3260 1280 3330 18),

204 3335 374 3402 proatmoa
405 3348 436 3388 se
470 3333 633 3389 manifeste
656 3333 721 3389 l'es-
767 3332 914 3389 l’histoire
934 3348 952 3387 a
972 3333 1066 3403 garde
1085 3332 1112 3388 16
1138 3334 1282 3388 souvenir

209 3404 283 3459 time
304 3420 363 3476 que
376 3405 480 3471 Quint.
496 3404 632 3477 professe
643 3422 722 3478 pour
767 3404 820 3459 des
835 3404 1010 3476 plaidoyers
1032 3404 1085 3475 qui
1108 3404 1281 3460 666611611-

208 3475 356 3548 Seneque.
767 3475 840 3546 gula
855 3476 899 3530 lui
910 3475 1085 3530 meriterent
1099 3475 1143 3530 les
1154 3475 1280 3547 applau-

243 3548 386 3602 Attea...
417 3546 640 3619 esfiupeuda...
672 3546 719 3602 Cf.
767 3547 950 3602 dissements
965 3547 1006 3602 du
1021 3547 1123 3601 forum
1142 3549 1172 3601 et
1186 3546 1218 3601 16
1229 3547 1281 3617 ja-

209 3616 275 3672 Cm.
291 3618 379 3672 Orat.
401 3617 429 3681 2,
449 3620 481 3673 9:
503 3621 547 3673 aa
568 3620 662 3674 iltius
673 3620 722 3674 11-
766 3617 864 3674 lousie
890 3618 931 3672 du
954 3619 1059 3690 prinae
1095 3618 1187 3690 (Drou
1207 3617 1278 3673 Cas.

211 3689 438 3743 militudinem
462 3695 570 3744 artem
592 3695 625 3745 et
648 3705 722 3745 ma·
766 3689 987 3760 561117).-
1011 3689 1092 3746 Ρ661
1121 3690 1281 3761 feruutur

210 3775 291 3813 uum
307 3760 477 3830 dirigebat.
768 3761 806 3817 61.
821 3761 867 3815 23.

228 3829 307 3913 128.
326 3832 544 3914 Ι1666611166...
566 3833 719 3915 studit...
803 3834 972 3914 Poemata.
997 3831 1022 3887 Π
1051 3849 1073 3904 y
1094 3847 1113 3886 6
1136 3832 1190 3888 des
1213 3846 1283 3887 vers

210 3903 659 4054 resalutaturum
669 3919 722 4029 a:
767 3902 1283 4048 111111111111111

210 4043 313 4113 srdue3
335 4043 358 4099 il
378 4061 399 4116 y
416 4045 532 4117 puisait
554 4045 721 4102 1666161166
767 4049 815 4101 011
835 4046 968 4102 attribue
992 4045 1163 4117 egelemen't
1186 4047 1204 4101 ὲ
1228 4046 1284 4101 St-

210 4115 350 4181 61661166,
388 4116 442 4187 qui
472 4120 518 4171 est
549 4117 653 4172 affaire
684 4117 721 4173 de
767 4118 867 4200 neque
899 4116 1046 4189 quelques
1081 4118 1283 4189 epigrammes

211 4188 310 4258 temps
325 4186 406 4241 etde
421 4187 542 4242 travail.
767 4204 819 4314 qni
842 4204 873 4243 se
899 4192 1078 4274 rapportent
1102 4191 1120 4244 a
1135 4204 1190 4242 son
1210 4188 1281 4243 exil.

246 4257 611 4318 Quibus...·maudabat.
631 4259 722 4315 Allu-
782 4263 894 4314 'omme
914 4263 1012 4333 poete,
1036 4259 1059 4314 il
1080 4275 1099 4314 6
1123 4259 1164 4314 du
1186 4258 1284 4314 colla-

211 4327 279 4384 sion
297 4329 438 4386 evidente
461 4345 523 4385 aux
542 4331 720 4413 recherches
766 4331 858 4388 borer
872 4345 947 4388 aveo
962 4332 1065 4388 Neron
1081 4330 1187 4404 (Sudr.
1203 4333 1281 4387 Ner.
