3317 5159
631 357 788 422 -59..

168 507 259 566 lius
286 504 566 584 auspicatissimum
594 505 711 567 dederit
736 506 915 581 exordium,
956 507 1095 571 omnium
1122 508 1189 587 ejus

170 606 291 683 generis
315 609 472 684 poetarum
496 622 674 681 graecorum
700 610 935 683 nostrorumque
961 605 1037 665 haut
1050 605 1142 666 dubie
1159 607 1188 665 ei

168 704 335 783 proximae.
361 703 437 763 Utar
457 702 540 761 enim
564 702 665 763 verbis
687 704 797 777 isdem,
822 721 900 782 quae
915 721 953 762 ex
966 703 1042 764 Afro
1057 704 1188 765 Domitio
1208 704 1249 767 86

162 802 285 881 juvenis
300 800 425 879 excepi:
442 801 495 879 qui
504 801 586 862 mihi
601 802 811 880 interroganti,
825 820 918 880 quem
933 802 1065 862 Homero
1079 803 1187 864 crede-

166 905 213 961 ret
236 900 369 959 maxime
391 899 544 975 accedere,
561 900 726 977 secundus,
743 899 854 979 inquit,
871 904 917 959 est
929 899 1094 977 Vergilius,
1110 920 1183 979 pro·

167 999 233 1079 pior
247 1003 349 1059 lamen
371 998 469 1077 primo
490 1016 584 1077 quam
606 998 708 1061 terlio.
754 999 793 1059 Et
806 999 932 1059 hercule
946 1003 981 1058 ut
996 998 1041 1058 illi
1056 1005 1183 1061 naturae

168 1153 237 1225 ddja
253 1152 315 1208 dit:
340 1152 464 1220 Optime
484 1152 680 1207 institutum
735 1152 811 1207 tion.

169 1229 217 1281 est
231 1230 269 1279 ut
284 1225 323 1280 ab
338 1226 477 1279 Homero
491 1228 590 1293 atque
611 1225 681 1278 Ver·
769 1226 909 1279 Homero
925 1225 1088 1279 accedere.
1110 1220 1196 1279 Dans
1216 1240 1249 1280 ce

169 1298 249 1366 pitia
264 1297 357 1352 tectio
370 1296 540 1363 inciperet.
734 1309 805 1350 sens
825 1295 1069 1366 metaphorique,
1094 1298 1246 1352 accedere

204 1368 527 1436 Auspicatissimum.
557 1366 603 1421 ef.
623 1366 681 1422 Tx-
734 1370 764 1421 et
782 1366 827 1422 les
849 1367 957 1422 verhes
977 1365 1019 1420 du
1038 1370 1136 1420 meme
1157 1382 1248 1437 genre

170 1454 232 1495 cir.
243 1441 350 1495 Germ.
363 1439 412 1493 11:
428 1438 570 1507 Apendis
586 1440 681 1493 rebus
754 1442 925 1493 cuverneni
945 1436 1015 1510 plus
1034 1436 1203 1493 volontiers
1220 1438 1248 1494 le

170 1512 227 1567 boc
263 1512 571 1577 auspicatissimum
611 1512 682 1563 ini·
734 1453 831 1578 {atim
872 1509 919 1564 s'il
957 1508 1109 1579 s’agissait
1158 1509 1249 1565 d’une

171 1584 255 1637 tium
271 1585 420 1638 credunt.
438 1581 589 1651 L'origine
609 1583 639 1635 et
652 1579 681 1637 le
731 1580 968 1635 determination
990 1579 1098 1646 locale,
1124 1578 1247 1636 l'accus.
1333 1650 1337 1655 ι

169 1652 680 1725 seneexaotdel’expressionnous
734 1668 808 1708 avec
834 1654 878 1708 ad
902 1651 1045 1708 vaudraii
1070 1651 1174 1706 mieux
1202 1652 1243 1710 K.

168 1728 239 1780 sont
253 1724 410 1797 explique's
430 1740 485 1797 par
500 1724 596 1787 Pline,
613 1726 681 1779 Pa·
734 1726 788 1779 Gr.
811 1726 847 1778 L.
870 1722 911 1790 II,
935 1723 998 1778 aab.
1031 1722 1092 1777 Des
1117 1722 1248 1779 editions

169 1799 240 1866 nep.
272 1798 307 1851 l:
330 1798 417 1850 Bene
446 1811 485 1851 ae
511 1798 681 1863 sapienter
733 1810 787 1868 rap
810 1794 904 1849 ellcnt
927 1793 1031 1851 mala
1074 1808 1175 1866 rapae,
1195 1794 1246 1863 VI,

169 1871 310 1936 majores
332 1868 555 1922 instituerunt
575 1872 612 1921 ut
633 1882 681 1921 re·
737 1866 764 1933 2,
789 1812 836 1933 gb,
854 1867 894 1920 air
909 1882 949 1920 au
969 1865 1031 1920 lieu
1050 1810 1087 1920 ge
1101 1880 1249 1933 pronun-

168 1954 244 1994 rum
257 1941 464 2008 apendarum
480 1939 530 1993 ita
548 1940 680 1993 dicendi
735 1939 1246 2004 tiatiosotisaceedituffectibus,

168 2012 308 2065 initium
329 2025 350 2065 a
364 2010 612 2079 precationibus
627 2025 680 2065 ca·
731 2009 754 2064 il
774 2010 843 2063 larii
856 2008 912 2063 lire
929 2010 1089 2064 accendit.

164 2098 252 2151 pere,
276 2084 361 2151 quod
386 2081 473 2135 nibil
494 2082 569 2148 rite,
593 2082 680 2135 nibil
774 2082 891 2135 Tertio.
907 2079 994 2135 Celui
1016 2079 1069 2151 qui
1091 2079 1177 2134 vient
1191 2080 1247 2135 im-

162 2154 376 2222 providenter
419 2153 565 2208 bantines
608 2153 680 2208 sine
732 2150 1244 2223 mediatementaprbsVirgile.Cf.

168 2228 303 2281 deorum
335 2225 579 2278 immortalium
612 2239 679 2293 ope,
732 2224 798 2279 Cic.
814 2227 908 2278 Brut.
931 2224 976 2290 47,
992 2222 1064 2278 173:
1087 2224 1200 2278 Crasso
1215 2228 1247 2278 et

167 2297 314 2363 consilio,
334 2297 453 2351 bonore
469 2295 680 2363 auspicaren-
732 2298 873 2350 Antonio
892 2297 927 2349 L.
944 2295 1119 2361 Philippus
1133 2297 1246 2361 prout-

169 2373 234 2423 tur.
260 2368 392 2423 Homere
416 2369 446 2421 et
472 2365 586 2436 Virgile
611 2369 681 2421 sont
733 2382 807 2421 mus
822 2367 1003 2431 accedebat,
1019 2368 1075 2420 sed
1093 2367 1245 2434 tonpoin-

168 2455 246 2566 pour
285 2438 454 2505 Quintilian
484 2452 601 2492 comme
635 2436 680 2493 les
735 2440 871 2493 terratia
914 2442 1025 2491 tamen
1058 2439 1244 2504 praecimus.
1346 2485 1353 2491 .

190 2511 312 2565 ivinites
325 2508 471 2583 speciales
483 2508 558 2563 dont
568 2508 596 2563 le
607 2525 680 2563 nom
732 2511 835 2566 Vnae.
855 2512 914 2563 En.
929 2509 965 2574 V,
984 2508 1038 2563 320
1051 2524 1057 2563 ε
1072 2510 1245 2577 praecimus

167 2585 213 2637 est
236 2582 370 2653 invoqui
394 2597 433 2635 au
458 2580 552 2635 debut
567 2580 603 2636 de
624 2595 680 2635 son
733 2582 820 2648 huic,
857 2584 949 2650 leupo
981 2581 1037 2634 sed
1071 2581 1246 2647 promimus

167 2650 535 2719 oeuvre.Cf.T1rn-L1vn,
544 2652 678 2721 praefat.
733 2655 920 2708 interuallo.
930 2652 1009 2707 Hau.
1022 2653 1076 2705 Od.
1093 2651 1117 2714 Ι,
1130 2652 1175 2718 12,
1189 2653 1243 2706 17:

166 2725 210 2781 13.
733 2740 792 2780 nec
815 2727 901 2794 uipet
925 2725 1103 2792 quicquam
1133 2724 1245 2777 simite

204 2813 283 2877 Ejus
294 2810 424 2879 §pneris
436 2810 622 2877 promimus,
637 2807 679 2863 Le
733 2802 793 2851 aut
808 2798 1001 2860 Secundum,
1009 2796 1178 2861 proximos
1192 2796 1244 2848 illi

167 2897 257 2953 genre
275 2882 323 2955 epi
347 2897 384 2936 ue
395 2897 404 2950 3
425 2880 621 2952 dsuppleer:
638 2881 678 2942 ei,
735 2873 846 2922 tamen
868 2867 1037 2948 Occqulvt'l
1056 2867 1172 2920 Fallat
1194 2866 1245 2921 ho·

166 2954 308 3009 Hombre.
325 2899 383 3007 {es
399 2952 583 3006 manuscrits
594 2950 679 3007 n'ont
734 2955 828 2995 dores
845 2938 893 3008 (dc
905 2936 1044 3009 Jupiter).

165 3041 222 3097 pas
237 3040 269 3081 ee
285 3024 372 3091 uatis,
389 3023 467 3078 mais
481 3022 505 3078 n
523 3027 568 3078 est
581 3022 681 3077 inuis·
768 3011 814 3066 on
830 3012 904 3091 reat
923 3007 1107 3080 repperere
1129 3020 1242 3079 propos

166 3096 322 3169 pensable,
733 3083 770 3138 dc
809 3097 841 3137 oe
882 3082 1051 3151 jugement,
1096 3076 1244 3149 quelques

201 3184 246 3241 86.
263 3184 417 3240 Domitius
437 3183 520 3249 Afer,
537 3182 594 3237 cite
608 3181 679 3254 plus
733 3153 941 3235 tim‘fignflges
956 3149 1089 3205 “mes
1104 3149 1141 3204 de
1157 3149 1245 3203 l'An'

166 3257 223 3311 bas
241 3256 327 3327 (118),
350 3270 467 3311 comme
483 3269 525 3309 un
541 3254 594 3308 des
616 3269 680 3307 ora·
732 3224 808 3281 th01·
833 3224 943 3278 Lame
963 3222 1145 3292 (Burmann‘
1166 3219 1191 3286 1⁹
1211 3236 1242 3291 P·

167 3324 679 3471 inliditurinliditussds
731 3293 1111 3439 {titubabant
1125 3291 1245 3434 lidii]

167 3470 388 3598 brinate-b
403 3468 681 3597 tribum
732 3434 1245 3582 barrabanumstu:

167 3614 253 3669 naise
273 3616 303 3668 et
326 3618 450 3669 mourut
472 3628 510 3667 en
531 3611 567 3667 58
590 3610 679 3683 apres
732 3606 795 3645 ηαδ
815 3593 942 3654 ‘lumi’
965 3586 1104 3641 Eus‘lhffi
1136 3576 1244 3657 έξοΙώ·

167 3684 243 3741 J,.G‚
272 3685 321 3740 Au
350 3684 423 3739 xus
453 3681 529 3738 livre
559 3683 615 3752 (Μ,
649 3681 678 3753 3)
730 3661 1033 3737 carcerariorum
1050 3657 1245 3716 Ἰταλίανποι-

166 3757 270 3823 Quint.
296 3758 433 3813 constate
455 3754 581 3826 qu'avec
602 3752 679 3823 l’age
730 3749 1245 3823 nidmAupointdevuepurement

165 3828 188 3883 il
221 3828 304 3883 avait
344 3828 508 3882 fortement
551 3824 676 3879 baisse:
730 3820 1240 3889 scolaire,v.encoreSr·Aueusr.

169 3922 178 3948 ι
191 3902 269 3955 Cum
280 3904 396 3967 apente
406 3899 577 3967 illaquam
584 3897 678 3964 prin·
730 3893 760 3949 C.
776 3897 811 3948 D.
828 3894 853 3961 I,
868 3894 936 3949 3:...
946 3894 1036 3961 apud
1050 3890 1242 3960 Verpitium,

165 3973 269 4039 cipem
289 3972 394 4040 fuisse
420 3970 587 4039 quondam
611 3967 678 4037 fori
730 3980 826 4035 quem
845 3970 1019 4034 propterea
1040 3963 1178 4031 paruuli
1204 3963 1244 4016 le-

166 4057 230 4097 non
246 4047 317 4097 erat
334 4042 482 4109 dubium,
503 4040 576 4107 atii,
593 4040 677 4107 quad
729 4042 823 4106 punt,
835 4037 1032 4090 utuideticet
1042 4038 1140 4103 poeta
1156 4047 1244 4115 map-

165 4115 344 4183 indipnum
384 4114 550 4177 videatur,
586 4111 678 4164 ride·
730 4125 793 4163 nus
816 4106 1244 4175 omniumquepraectaris-

52 4238 55 4243 .
164 4190 250 4251 rent,
286 4187 349 4239 atii
378 4186 614 4239 erubescerent.
643 4211 678 4220 —
728 4177 1243 4249 simusaiqueoptimus,teneris

164 4258 322 4323 Ecceipere
354 4258 400 4310 est
427 4255 455 4310 le
480 4257 545 4308 mot
568 4267 678 4325 propre
729 4252 867 4305 ebibitus
891 4251 1027 4317 animis,
1046 4263 1111 4302 non
1142 4247 1242 4317 facite

165 4324 677 4399 pourl'actiond'apprendredirec-
729 4324 888 4378 oblivione
899 4322 1003 4391 possit
1017 4320 1151 4375 aboleri.

166 4402 282 4459 tament
291 4414 301 4471 3
326 4399 493 4471 accipere:
507 4412 563 4475 par
578 4394 678 4455 tradi·
764 4394 822 4451 Illi
848 4399 1004 4450 naturae.
1020 4391 1153 4451 Homdre
1167 4404 1178 4464 3
1204 4388 1242 4450 de

1465 1488 1478 1517 ὁ
