3317 5159
672 309 856 377 r-145-

225 453 310 512 navis
324 456 466 515 accedere
477 457 536 516 nisi
551 457 671 517 lenibus
682 459 779 519 ventis
789 465 874 522 vecta
888 480 949 520 non
961 462 1071 540 possit:
1089 463 1239 541 siquidem

223 550 461 614 innumerabiles
484 555 626 616 accidunt
650 557 767 618 subitae
790 559 985 619 necessitates
1006 561 1052 620 vel
1072 561 1153 640 apud
1174 583 1238 624 ma·
1280 565 1299 623 2

221 651 366 727 gistratus
380 653 427 712 vel
441 655 673 732 repraesentatis
683 655 808 733 judiciis
827 658 970 717 continuo
992 659 1113 736 agendi.
1157 660 1237 732 Qua-

221 769 292 810 rum
307 751 332 811 si
351 770 422 830 qua,
446 771 507 811 non
529 753 597 813 dico
622 754 805 833 cuicumque
819 755 1027 817 innocentium
1041 757 1167 836 civium,
1183 761 1236 820 sed

220 849 389 910 amicorum
402 870 438 911 ac
452 852 692 930 propinquorum
705 853 796 913 alicui
811 854 956 932 evenerit,
984 856 1115 917 stabitne
1129 863 1234 919 mutus

220 955 250 1008 et
273 950 437 1011 salutarem
460 953 634 1031 petentibus
649 972 752 1013 vocem
767 955 942 1034 statimque,
959 956 984 1016 si
1000 976 1061 1018 non
1076 961 1235 1020 succurra·

219 1051 281 1125 tur,
297 1049 441 1127 perituris
455 1069 555 1110 moras
569 1056 599 1111 et
614 1070 768 1111 secessum
792 1044 822 1112 et
836 1053 992 1114 silentium
1006 1063 1142 1134 quaeret,
1158 1058 1233 1117 dum

217 1144 265 1208 illa
293 1147 384 1209 verba
415 1148 602 1209 fabricentur
615 1155 645 1209 et
664 1150 828 1210 memoriae
843 1151 978 1213 insidant
991 1159 1021 1214 et
1034 1174 1090 1215 vox
1103 1175 1139 1216 ac
1153 1156 1233 1216 latus

220 1244 441 1324 praeparetur?
469 1245 554 1317 Quae
580 1265 650 1306 vero
678 1247 791 1326 patitur
814 1248 872 1308 hoc
896 1250 983 1327 ratio,
1008 1257 1044 1312 ut
1068 1252 1231 1331 quisquam
1271 1251 1291 1310 3

217 1343 312 1421 possit
324 1348 423 1403 orator
434 1343 596 1422 aliquando
610 1345 748 1405 omittere
771 1345 884 1406 casus?
913 1348 1004 1426 Quid,
1029 1369 1100 1411 curn
1123 1349 1229 1410 adver·

128 1477 130 1482 -
215 1441 295 1500 sario
309 1441 553 1520 respondendum
567 1443 636 1520 erit,
653 1441 734 1502 fiet?
761 1443 841 1504 Nam
856 1464 945 1526 saepe
959 1465 1006 1525 ea,
1023 1466 1100 1527 quae
1115 1447 1229 1527 opinati

214 1554 323 1598 sumus
345 1544 376 1598 et
399 1543 503 1599 contra
527 1556 605 1617 quae
628 1539 818 1618 scripsimus,
844 1542 963 1621 fallunt,
988 1561 1024 1604 ac
1047 1549 1108 1605 tota
1131 1543 1229 1604 subito

210 1653 302 1696 causa
315 1642 463 1714 mutatur,
487 1642 579 1716 atque
598 1642 632 1696 ul
645 1637 840 1714 gubernatori
852 1641 890 1700 ad
904 1641 1047 1702 incursus
1062 1647 1226 1722 tempesta-

212 1738 290 1813 tum,
317 1736 361 1796 sic
375 1736 476 1814 agenti
491 1736 529 1796 ad
543 1737 719 1797 varietatem
732 1755 900 1799 causarum
914 1741 991 1801 ratio
1005 1742 1152 1804 mutanda
1166 1747 1223 1802 est.

245 1905 273 1960 2.
301 1909 394 1975 Apud
425 1908 654 1977 mapistratus.
683 1908 727 1963 En
774 1910 832 1963 6661
855 1923 939 1972 voce,
977 1911 1090 1977 161666,
1116 1906 1288 1982 firmitate.

210 1982 300 2034 vcrtu
337 1979 374 2034 de
397 1978 529 2051 quelque
562 1979 728 2053 procedure
774 1978 860 2035 Nous
869 1980 1048 2053 employons
1059 1997 1098 2036 an
1109 1985 1206 2036 meme
1219 1997 1289 2037 sens

210 2049 462 2114 extraordinaIre,
479 2053 509 2105 et
532 2068 604 2108 sans
624 2068 683 2136 que
698 2052 726 2109 16
773 2049 1289 2120 1666616661161666166666666.

206 2120 277 2191 jour
292 2123 335 2176 ait
349 2123 396 2178 ete
410 2123 470 2177 fixe
489 2123 551 2179 aux
565 2127 688 2196 partres.
807 2122 835 2178 3.
852 2124 957 2180 Ratio.
974 2123 1032 2179 Les
1047 2123 1288 2180 considerations

243 2195 512 2261 Repraesentatis
525 2220 557 2241 =
581 2200 725 2250 matura·
773 2195 826 2265 qui
849 2194 1012 2267 precedent
1031 2199 1101 2250 sont
1123 2195 1160 2250 de
1179 2194 1288 2252 l'ordro

210 2263 251 2318 tis
266 2269 344 2320 ante
360 2268 461 2332 diem,
487 2265 646 2338 anticipes.
662 2270 725 2324 Re·
771 2267 913 2350 prattque
921 2282 930 2336 3
960 2282 993 2322 66
1016 2269 1081 2321 mot
1111 2265 1235 2338 designo
1256 2266 1288 2322 la

208 2341 419 2402 praesentare
437 2338 629 2406 pecuniam,
652 2338 724 2394 c'est
771 2337 887 2394 theone
903 2336 1047 2394 mernede
1059 2337 1129 2393 l’art
1143 2338 1284 2394 oratoire.

207 2421 302 2478 payer
325 2406 481 2464 unedette
502 2413 597 2464 avant
618 2408 724 2465 l'eche-
770 2408 818 2464 Cf.
847 2409 876 2476 3,
901 2410 947 2477 15,
979 2411 1019 2465 ou
1042 2409 1065 2464 il
1101 2409 1238 2482 s'oppose
1268 2411 1286 2464 d

206 2492 291 2532 ance.
319 2478 362 2533 cf.
389 2479 481 2535 Cras.
504 2481 572 2534 Bel.
603 2482 675 2536 Gal.
696 2481 721 2551 Ι,
771 2483 965 2537 exercitatio
994 2497 1066 2537 avec
1096 2479 1124 2536 16
1150 2496 1221 2536 sens
1248 2480 1285 2536 da

205 2547 257 2606 1οι
288 2565 333 2617 66,
363 2553 448 2620 quod
475 2552 512 2606 tn
543 2553 722 2621 lonpiorem
771 2553 928 2609 6661166616.

206 2621 294 2675 diem
331 2624 516 2677 collaturus
548 2628 641 2689 esset,
674 2640 722 2679 66-
805 2625 960 2679 omittere
984 2638 1179 2680 casus=ne
1196 2623 1284 2678 tenir

200 2697 510 2758 praesentaturum.
527 2693 599 2749 San.
615 2694 719 2762 Epist.
768 2707 880 2750 aucun
901 2699 1034 2763 compte,
1053 2710 1093 2749 ne
1111 2696 1193 2749 11666
1218 2709 1283 2748 uu-

203 2761 257 2818 95:
273 2765 364 2820 Petis
388 2779 410 2820 a
426 2779 488 2831 me,
505 2770 542 2819 61
566 2764 610 2827 161,
636 2768 722 2834 quod
768 2768 938 2834 cunperti
953 2768 1008 2820 6166
1031 2766 1172 2820 16666616
1187 2767 1284 2820 cl'une

204 2833 241 2887 16
269 2837 358 2890 diem
378 2850 476 2891 suam
503 2837 656 2892 dixeram
670 2839 721 2892 616-
767 2850 866 2892 66666
880 2854 892 2902 ,·
915 2836 1029 2892 6.-6-(1.
1056 2834 1283 2907 plaiderseule-

204 2904 276 2961 bere
301 2908 445 2974 differri,
465 2912 718 2975 repraesentem.
767 2911 854 2962 ment
868 2923 920 2963 sur
934 2908 978 2963 166
993 2910 1080 2962 notes
1096 2907 1187 2979 qu'on
1205 2922 1281 2962 aura

238 2977 447 3048 Cuicumque,
463 2976 513 3035 cf.
532 2979 559 3046 1,
575 2978 629 3036 105
643 2982 673 3034 61
689 2978 720 3034 16
766 2979 927 3052 preparees
949 2979 1103 3034 d'avance.
1123 2978 1168 3034 De
1183 2981 1281 3032 meme

207 3052 292 3105 nole.
765 3065 845 3122 pour
871 3052 1041 3117 omittere,
1071 3048 1139 3116 VII,
1168 3049 1196 3115 1,
1224 3049 1278 3103 19;

239 3118 465 3175 Ρ616611666...
474 3121 651 3189 perituris.
667 3123 717 3182 Au
766 3137 832 3176 non
848 3127 886 3176 ut
903 3121 1077 3177 damnasse
1093 3136 1146 3176 666
1162 3120 1281 3192 (quaes-

200 3187 281 3246 66111
302 3189 460 3247 attributis
485 3192 504 3247 6
527 3193 718 3249 6611661661
765 3192 876 3265 tiones)
910 3195 1076 3260 uideatur,
1105 3194 1163 3248 6661
1194 3192 1280 3246 6661-

200 3266 346 3329 6666661.
764 3265 856 3320 61666.
887 3263 968 3320 Pour
993 3279 1090 3320 66666
1119 3263 1158 3319 61.
1186 3263 1213 3330 1,
1240 3262 1276 3318 2:

237 3336 405 3390 secessum
450 3338 481 3389 et
530 3336 715 3391 silentium.
760 3339 920 3403 paratum
955 3338 999 3390 661
1034 3350 1145 3390 omnes
1181 3349 1278 3389 66666

198 3402 275 3476 Deja
287 3405 419 3462 associes
433 3405 504 3477 plus
525 3405 613 3469 haut,
625 3406 653 3470 3,
669 3407 714 3463 28.
763 3408 984 3476 eloquentiam
1009 3409 1039 3461 et
1058 3405 1087 3473 3,
1102 3406 1120 3462 3
1136 3421 1142 3461 :
1169 3419 1276 3472 opes...

236 3480 302 3532 1116
326 3479 432 3533 66666.
457 3477 633 3533 Demonstr.
655 3494 716 3535 em·
762 3481 806 3532 661
821 3480 944 3533 subitos
960 3492 1092 3533 66666...
1113 3476 1276 3550 (proteren-

197 3549 347 3620 pbalique
371 3548 629 3619 parironIetilla
646 3555 714 3606 tam
762 3549 842 3620 dae),
873 3564 948 3604 avec
970 3547 1015 3604 les
1038 3551 1144 3604 notos:
1171 3546 1221 3614 v1,
1247 3548 1274 3616 1,

108 3616 119 3623 ’
198 3621 340 3691 6666616,
357 3620 475 3689 quibus
489 3621 641 3688 superbit.
760 3620 813 3676 42:
829 3622 886 3691 qui
899 3636 921 3675 6
931 3621 1007 3675 61116
1022 3634 1088 3675 non
1102 3621 1272 3684 recedunt,

237 3695 303 3746 Vox
326 3706 365 3746 66
391 3693 498 3758 16166,·
523 3696 714 3748 souventas-
760 3696 821 3747 661
838 3693 1060 3748 conticescunt
1089 3693 1133 3746 661
1154 3691 1272 3744 bosca-

197 3764 303 3819 socies
331 3761 379 3819 Cf.
408 3763 474 3819 Cla.
505 3765 575 3818 Ver.
602 3763 630 3828 4,
654 3763 711 3821 30:
759 3779 816 3818 666
831 3768 892 3818 661
902 3762 1171 3832 frequentissime
1182 3760 1273 3830 falsa

196 3849 280 3904 quae
296 3849 368 3901 6666,
385 3849 469 3903 quae
484 3836 602 3890 161666.
614 3837 711 3890 Brut.
760 3835 887 3903 dicunt,
917 3833 987 3902 XII,
1013 3834 1041 3900 9,
1066 3832 1121 3889 20:
1149 3832 1270 3886 Licet...

193 3905 325 3970 91,316;
340 3907 504 3962 666166116
531 3906 713 3962 61661666-
754 3907 982 3977 praecapitare
1005 3906 1109 3973 plura
1135 3908 1167 3958 61
1193 3903 1272 3957 661-

194 3978 241 4033 616
265 3980 465 4033 6666616661...
488 3978 712 4047 lateribusque
759 3993 849 4032 mum
871 3979 915 4032 661
939 3988 1050 4033 omnes
1072 3989 1168 4031 casus
1182 3987 1271 4029 com-

193 4048 710 4116 vires...accesserantctoumr.
752 4063 881 4117 ponere,
895 4051 926 4104 61
938 4051 1006 4103 tout
1019 4046 1048 4102 16
1063 4059 1202 4118 passage.

192 4119 262 4188 XII,
278 4121 324 4187 11,
339 4120 374 4176 2:
387 4122 497 4195 Neque
509 4122 599 4176 enirn
612 4123 712 4176 66166-
792 4121 941 4175 Fallunt.
968 4119 1003 4175 V.
1026 4117 1196 4174 l’aventure
1214 4130 1269 4199 co-

193 4192 241 4246 116
274 4194 366 4247 modo
400 4196 528 4247 constat
564 4196 709 4248 666166...
757 4192 860 4263 mIque
885 4191 1001 4246 arrives
1025 4190 1043 4245 st
1069 4205 1112 4244 un
1127 4203 1253 4243 mauvar

269 4337 375 4402 Qumr,
390 4338 447 4388 Lis.
464 4338 497 4387 X.
1153 4331 1183 4381 10
