3317 5159
809 266 991 334 -130-

368 416 388 477 5
427 415 533 496 Neque
547 437 601 495 ego
616 421 826 499 paraphrasim
841 440 908 482 esse
922 423 1201 503 interpretationem
1224 430 1343 485 tantum
1365 425 1441 506 volu,

373 562 376 567 .
428 517 481 575 sed
500 517 580 577 circa
607 519 729 578 eosdem
756 539 865 580 sensus
891 526 1044 582 certamen
1074 527 1165 601 atque
1191 524 1440 585 aemulationem.

428 613 559 692 Ideoque
571 615 610 674 ab
624 616 684 676 illis
707 617 864 694 dissentio,
881 619 933 698 qui
948 625 1065 680 vertere
1080 621 1230 681 orationes
1261 623 1370 682 latinas
1393 641 1443 682 ve·

427 717 503 790 tant,
519 714 602 792 quia,
618 714 740 794 optimis
754 717 919 795 occupatiS,
938 717 1086 796 quidquid
1101 719 1188 778 aliter
1202 719 1370 779 dixerimus
1384 739 1441 779 ne·

428 829 512 870 cesse
527 812 566 870 sit
580 830 646 872 esse
660 812 804 873 deterius
820 815 900 874 Nam
915 833 1014 893 neque
1024 835 1144 895 semper
1157 822 1203 876 est
1217 817 1442 896 desperandum

426 909 539 987 aliquid
554 909 625 985 illis,
645 929 724 988 quae
746 910 923 988 dictasunt,
941 913 1051 973 melius
1078 933 1165 993 posse
1179 915 1317 994 reperiri,
1343 933 1442 994 neque

425 1006 499 1066 adeo
509 1006 648 1085 jejunam
662 1027 697 1068 ac
712 1027 876 1088 pauperem
892 1015 1000 1070 natura
1019 1011 1221 1090 eloquentiam
1229 1013 1318 1090 tecit,
1330 1018 1365 1072 ut
1379 1031 1441 1073 una

365 1103 385 1162 6
425 1104 463 1164 de
476 1124 509 1164 re
521 1105 601 1166 bene
615 1105 674 1166 dici
688 1107 747 1166 nisi
763 1107 857 1166 semel
871 1127 932 1168 non
947 1109 1052 1187 possit.
1068 1109 1135 1170 Nisi
1154 1111 1230 1170 forte
1256 1111 1441 1170 histrionum

424 1204 521 1264 multa
535 1205 615 1265 circa
628 1225 715 1266 voces
737 1207 860 1266 easdem
874 1208 1106 1285 variaregestus
1126 1213 1234 1287 potest,
1256 1209 1361 1268 orandi
1384 1209 1441 1269 mi-

360 1371 363 1375 ·
424 1322 481 1362 nor
492 1303 549 1380 vis,
563 1309 597 1363 ut
611 1303 731 1363 dicatur
743 1303 870 1381 aliquid,
893 1310 960 1383 post
974 1305 1053 1385 quod
1068 1307 1101 1365 in
1122 1307 1229 1366 eadem
1248 1307 1375 1368 materia
1394 1307 1441 1366 ni·

425 1400 469 1460 hil
483 1401 647 1460 dicendum
666 1401 715 1461 sit.
741 1401 801 1462 Sed
825 1408 890 1461 esto
911 1421 1010 1482 neque
1031 1403 1141 1464 melius
1165 1404 1246 1482 quod
1268 1404 1440 1465 invenimus

399 1570 650 1638 Paraphrasim.
678 1571 782 1637 Quint.
799 1573 824 1642 Ι,
849 1573 877 1642 9,
960 1571 987 1627 6.
1003 1573 1078 1627 Nisi
1093 1572 1213 1642 forte...
1232 1575 1293 1628 uis.
1308 1572 1355 1629 Cf.
1370 1571 1440 1645 plus

363 1641 391 1709 2,
407 1643 507 1715 parmi
516 1641 561 1696 les
571 1642 720 1698 exeroioes
735 1643 788 1699 des
799 1659 878 1700 com·
925 1641 1012 1711 harri,
1027 1643 1055 1713 2,
1070 1643 1093 1700 8.
1105 1646 1183 1699 :nisi
1192 1645 1278 1713 forte
1291 1649 1439 1700 nostra...

363 1717 523 1780 moneants
547 1713 593 1768 dit
617 1713 692 1785 qu'il
714 1713 783 1771 faut
810 1715 878 1772 leur
927 1717 1073 1783 tempora
1118 1717 1353 1771 damnamus...
1402 1721 1441 1770 ut

363 1785 556 1858 apprendre:
587 1786 795 1854 Paraphrasi
819 1803 878 1842 au·
926 1801 1055 1843 nunc...
1068 1787 1155 1842 nihii
1169 1792 1301 1843 crescat.
1317 1787 1360 1842 Ici
1371 1789 1439 1842 nisi

363 1858 479 1912 dacius
495 1860 619 1910 uertere
631 1856 755 1929 (Aesopi
776 1859 878 1914 fabel-

363 1926 432 1999 las),
448 1929 529 1997 quia
550 1932 582 1982 et
605 1929 752 1984 breviare
775 1945 878 1999 quae-

363 2003 441 2055 dam
455 2005 487 2054 et
501 2013 663 2054 eaornare
677 2003 767 2056 salvo
783 2005 876 2058 modo

357 2076 473 2140 poetae
488 2085 586 2125 sensu
603 2073 826 2138 permittitur.
849 2073 876 2128 Il

362 2146 408 2197 est
435 2141 564 2197 attribui
591 2141 610 2194 a
633 2145 709 2197 cette
737 2143 822 2216 place
846 2149 876 2200 et

361 2215 420 2269 mis
436 2230 473 2268 θη
489 2215 549 2267 tete
570 2227 650 2284 pour
670 2214 776 2270 mieux
794 2216 876 2289 frap-

360 2283 606 2358 pcrl’attention.

397 2358 491 2412 Circa
502 2357 630 2410 eosdem
642 2371 758 2413 sensus
772 2375 782 2411 .·
797 2372 876 2430 pour

360 2426 559 2500 l'expression
585 2426 638 2480 des
662 2431 776 2485 memes
803 2445 874 2501 pen-

362 2499 505 2568 se'es;cf.
521 2498 549 2560 3,
564 2496 610 2552 33.

395 2569 874 2628 Dissentio.Ceoivadl'adrosse

360 2641 396 2696 de
411 2641 546 2704 ciceron,
569 2641 623 2712 qui
662 2659 696 2698 ar
710 2643 741 2698 ia
754 2644 874 2700 boucha

359 2713 397 2769 de
411 2714 541 2769 Crassus
566 2727 623 2767 oon
646 2730 736 2770 amne
759 2715 791 2770 la
814 2716 874 2771 me-

360 2785 452 2841 thode
476 2783 647 2842 consistant
670 2787 689 2840 a
710 2787 874 2858 reprendre

359 2874 432 2913 sous
451 2873 512 2913 une
531 2857 618 2911 autre
639 2857 735 2913 forme
757 2858 810 2912 des
825 2873 874 2913 su-

355 2931 416 3002 jets
444 2930 512 3001 ddja
530 2926 636 2982 traite's
659 2944 715 3002 par
741 2929 874 2985 d'autres

359 3018 397 3057 θη
409 3001 488 3056 latin
500 3017 507 3069 ;
520 3004 559 3056 de
584 2999 670 3067 Orat,
686 3001 711 3064 I,
724 3000 770 3067 34,
795 3001 849 3056 154
865 3019 872 3055 :

359 3071 591 3128 Animadverti
607 3072 661 3126 hoc
681 3073 800 3130 essein
816 3073 873 3128 hoc

359 3146 445 3211 vitii,
471 3147 556 3215 quod
589 3157 628 3198 ea
656 3145 752 3198 uerba
788 3158 872 3212 quae

360 3218 506 3272 manime
536 3220 696 3285 cujusque
723 3215 774 3270 rei
793 3229 874 3284 pro-

355 3289 432 3356 pria
447 3302 594 3358 quaeque
609 3291 716 3341 essent
730 3287 873 3342 ornatis·

358 3361 445 3414 sima
459 3364 558 3428 atque
573 3359 707 3429 optima,
723 3371 873 3425 occupas-

358 3435 406 3485 set
421 3435 482 3485 aut
501 3433 664 3485 Ennius...
690 3433 750 3483 aut
775 3430 872 3484 Grac·

924 1856 1009 1925 forte
1025 1860 1071 1913 est
1094 1858 1233 1931 employa
1257 1874 1374 1914 comme
1394 1873 1439 1914 an

924 1943 1010 1995 uere,
1047 1945 1120 1985 avec
1142 1945 1202 1985 une
1235 1930 1437 2002 proposition,

925 2001 977 2071 qui
993 2001 1084 2056 serati
1094 1999 1164 2072 plus
1177 2001 1439 2072 rigoureusement

924 2072 1048 2127 amende
1075 2087 1131 2141 par
1145 2087 1231 2139 cum,
1258 2088 1336 2145 pour
1364 2087 1439 2127 con-

924 2141 1006 2198 ciure
1029 2142 1057 2197 Ιθ
1082 2144 1308 2198 raisonnement
1330 2158 1351 2199 a
1374 2144 1439 2212 for·

925 2215 1016 2270 tiori.
1036 2214 1078 2269 Ge
1097 2215 1327 2270 raisonnement
1347 2213 1438 2270 d’ail-

922 2284 1004 2340 lours
1020 2301 1058 2342 ηθ
1073 2279 1187 2356 p'rouve
1202 2287 1277 2354 rien,
1294 2284 1438 2341 lasimili-

922 2357 1438 2482 tudesurlapuellailreposottant

921 2431 1083 2499 puremont
1111 2429 1214 2486 astice.

957 2501 1174 2556 Histrionum.
1201 2502 1252 2556 Au
1276 2504 1375 2573 temps
1399 2501 1436 2556 de

921 2571 1026 2636 Quint.
1056 2587 1089 2626 oe
1118 2573 1213 2628 terme
1247 2572 1371 2645 designo
1400 2573 1437 2628 de

920 2643 1094 2767 pritesence
1117 2642 1145 2697 le
1160 2645 1374 2716 pantomime;
1396 2644 1436 2698 ici

934 2715 1047 2769 'actcur
1060 2730 1098 2769 θη
1122 2715 1255 2786 gendral.
1271 2746 1307 2754 —
1327 2717 1435 2770 Multa

921 2787 1076 2842 variare:
1112 2789 1232 2841 rendre
1268 2801 1331 2854 par
1369 2801 1435 2842 une

920 2859 1048 2925 prande
1064 2856 1189 2914 uariete'
1211 2859 1249 2913 de
1268 2863 1372 2927 pestes
1389 2861 1435 2913 les

921 2927 1042 2983 me‘mes
1052 2931 1193 2997 parntes.
1206 2929 1291 2985 Nous
1302 2929 1435 2985 doutons

921 3015 981 3069 que
1005 2999 1049 3054 les
1069 3001 1182 3071 grands
1209 3003 1328 3056 auteurs
1344 3017 1436 3056 sous-

920 3070 1036 3125 crivent
1048 3071 1067 3124 d
1081 3075 1158 3127 cette
1169 3072 1301 3127 manidre
1312 3072 1433 3128 devoir.

920 3140 967 3194 Cf.
984 3150 1016 3197 ce
1041 3158 1100 3214 que
1123 3143 1265 3198 Macrobo
1288 3159 1366 3200 nous
1389 3143 1434 3199 dit

920 3211 957 3268 de
970 3211 1096 3271 Cicdron
1112 3216 1142 3269 et
1158 3215 1194 3269 dc
1216 3215 1355 3279 Roscius,
1379 3218 1434 3271 Sa-

921 3288 1011 3338 turn.
1037 3285 1077 3348 II,
1106 3285 1163 3341 10:
1194 3288 1282 3342 Satis
1306 3290 1434 3342 constat

919 3359 1113 3412 contendere
1142 3371 1217 3412 eum
1255 3373 1329 3414 cum
1364 3360 1433 3426 ipso

919 3427 1079 3482 distrione
1088 3429 1233 3495 solitum,
1246 3435 1361 3484 utrum
1374 3431 1431 3484 itte

358 3502 471 3557 chus...
487 3503 549 3567 ita,
574 3503 602 3558 si
624 3500 742 3554 iisdem
766 3502 872 3555 verbis
918 3499 1051 3566 saepius
1066 3502 1214 3554 eamdem
1230 3502 1432 3556 sententiam

359 3578 481 3638 uterer,
519 3574 606 3629 uidit
630 3574 804 3639 prodesse,·
842 3573 871 3626 si
919 3572 1025 3626 variis
1052 3572 1196 3640 pestibus
1211 3573 1365 3646 efficeret,
1386 3587 1431 3627 an

358 3647 448 3712 aliis,
466 3646 568 3700 etiam
588 3646 703 3711 obesse,
724 3658 797 3697 cum
813 3645 871 3696 mi·
918 3643 1059 3711 ipseper
1073 3645 1277 3712 eloquentiae
1305 3645 1432 3712 copiam

358 3733 420 3770 uus
448 3718 574 3772 idoneis
602 3717 654 3770 uti
689 3729 871 3769 consuesce·
918 3727 1066 3768 sermone
1088 3716 1216 3770 diuerso
1233 3716 1431 3784 pronuntia·

357 3803 437 3843 rem.
474 3788 605 3843 Crassus
640 3801 718 3841 nous
755 3785 871 3840 semble
917 3789 977 3839 ret.

357 3860 443 3915 avoir
457 3860 560 3916 raison
575 3875 628 3914 sur
642 3874 674 3913 ce
695 3857 782 3930 point
801 3872 871 3912 con·
952 3859 1062 3912 Esto...
1094 3873 1170 3913 esse.
1215 3856 1314 3912 Mimo
1346 3873 1431 3914 cons-

358 3936 402 3987 tre
416 3931 532 3999 Quint,
556 3934 623 3986 tout
638 3946 678 3985 au
701 3929 801 3984 moins
823 3926 870 3983 s’il
917 3928 1050 3982 truction
1065 3928 1136 3984 ohaz
1148 3929 1275 3996 Horace,
1290 3932 1346 3998 Ep.
1363 3929 1387 3996 1,
1403 3930 1430 3997 1,

358 4002 511 4073 s’agissait
538 4003 575 4057 de
601 4002 710 4058 refairc
738 3999 870 4072 quelque
916 3998 972 4053 81:
1003 4003 1088 4068 Esto,
1116 4003 1196 4056 aliis
1222 4002 1306 4055 alios
1335 4003 1431 4056 rebus

356 4090 460 4129 oenvre
493 4072 716 4145 remarquable.
754 4073 801 4127 Cf.
841 4071 870 4127 le
916 4071 1101 4140 studiisque
1119 4072 1432 4127 teneri-iidemu-

350 4160 487 4218 ·passage
516 4146 552 4201 de
576 4145 622 4200 La
642 4144 778 4215 Bruydre
806 4141 870 4208 (des
917 4144 990 4212 dem
1005 4148 1144 4210 possunt
1165 4144 1280 4198 horam
1305 4146 1429 4198 durare

355 4233 506 4287 ouvrages
534 4217 571 4271 do
599 4216 724 4288 l’esprit,
752 4216 797 4279 17)
810 4229 870 4285 que
911 4215 1098 4280 probantes.
1128 4212 1202 4270 Plus
1231 4218 1362 4270 souvent
1391 4219 1429 4268 ut

355 4304 433 4344 nous
448 4303 544 4344 avons
554 4287 611 4343 cite
626 4289 653 4354 i,
667 4287 694 4343 8.
917 4299 989 4340 avec
1004 4284 1031 4339 le
1053 4285 1230 4358 subjonctit,
1254 4301 1293 4348 ou
1309 4285 1429 4359 simple-
