3317 5159
660 369 840 432 -101-

211 543 283 584 cum
296 522 387 584 verba
401 524 550 604 quaedam
564 545 601 586 ex
616 524 801 585 orationibus
811 527 1027 604 excerpserunt
1041 530 1093 585 aut
1107 525 1225 606 aliquos

211 622 436 702 compositionis
449 629 546 683 certos
560 624 663 703 pedes,
680 623 757 683 mire
778 642 797 683 a
815 642 848 683 se
869 642 947 703 quae
968 624 1107 701 legerunt
1122 624 1227 702 effingi
1247 622 1288 684 13

192 713 195 719 ’
210 720 408 799 arbitrantur,
425 720 479 800 [et]
493 741 564 782 cum
579 722 669 784 verba
689 722 874 782 intercidant
891 721 1136 801 invalescantque
1150 729 1226 783 tem-

211 818 347 898 poribus,
364 825 397 879 nt
410 839 543 899 quorum
563 820 733 880 certissima
751 820 790 880 sit
808 820 914 897 regula
936 820 969 879 in
993 822 1224 898 consuetudine,

211 936 306 995 eaque
320 936 381 978 non
396 937 452 979 sua
466 924 576 979 natura
597 919 658 979 sint
680 918 758 978 hona
777 922 831 977 aut
851 918 930 978 mala
946 917 1032 999 (nam
1046 938 1101 998 per
1115 938 1147 979 se
1161 920 1227 980 soni

211 1021 331 1076 tantum
346 1016 443 1095 sunt),
455 1017 507 1076 sed
523 1022 611 1095 prout
625 1022 793 1096 opportune
807 1016 989 1094 proprieque
1003 1020 1056 1076 aut
1070 1035 1157 1076 secus
1167 1018 1228 1079 col-

210 1115 305 1174 locata
320 1119 445 1192 6661,61
458 1115 634 1194 compositio
649 1134 721 1175 cum
738 1113 830 1174 rebus
850 1115 1075 1175 accommodata
1091 1120 1149 1193 est,
1161 1121 1228 1176 tum

212 1215 435 1295 ipsavarietate
448 1215 632 1293 gratissima.
1092 1265 1094 1270 .

252 1313 442 1392 Quapropter
454 1313 647 1374 exactissimo
656 1312 772 1392 judicio
786 1313 866 1376 circa
880 1314 960 1375 hanc
981 1321 1098 1394 partem
1114 1315 1228 1375 studio·
1248 1313 1289 1376 11

211 1430 282 1471 rum
310 1411 511 1473 examinanda
539 1418 611 1472 sunt
638 1411 751 1473 omnia.
768 1411 921 1492 Primum,
945 1433 1021 1492 quos
1045 1414 1223 1475 imitemur:

212 1529 285 1570 nam
306 1516 377 1570 sunt
401 1510 538 1589 plurimi,
560 1510 612 1590 qui
636 1509 870 1570 similitudinem
895 1513 1020 1591 pessimi
1035 1511 1184 1591 cujusque
1198 1520 1229 1573 et

211 1607 432 1686 corruptissimi
446 1609 674 1687 concupierint:
691 1614 758 1668 tum
778 1607 811 1668 in
830 1608 917 1688 ipsis,
932 1628 1008 1688 qnos
1031 1610 1226 1690 elegerimus,

211 1705 285 1784 quid
300 1705 350 1784 sit,
366 1705 404 1766 ad
417 1706 498 1784 quod
512 1725 567 1766 nos
581 1705 777 1766 efficiendum
791 1725 1016 1785 comparemus
1025 1707 1105 1768 Nam
1119 1709 1151 1768 in
1163 1728 1227 1769 ma·
1247 1708 1288 1770 15

211 1803 280 1882 gnis
301 1822 421 1883 quoque
439 1804 613 1864 auctoribus
635 1804 775 1864 incidunt
796 1804 898 1882 aliqua
922 1805 1029 1867 vitiosa
1049 1810 1079 1865 et
1100 1805 1228 1867 edoctis

211 1903 291 1964 inter
308 1901 390 1981 ipsos
416 1902 508 1962 etiam
536 1908 643 1962 mutuo
672 1902 877 1981 reprehensa:
906 1909 996 1983 atque
1019 1903 1137 1964 utinam
1165 1910 1228 1965 tam

211 2000 290 2060 hona
303 2000 457 2061 imitantes
471 2000 607 2060 dicerent
621 1999 731 2060 melius
745 2018 838 2078 quam
853 2001 933 2062 mala
940 2000 1027 2080 pejus
1036 2000 1153 2062 dicunt.
1165 2002 1228 2064 Nec

246 2169 291 2226 13.
308 2170 726 2239 compositionissunagen-
808 2167 1027 2240 Efficiendum
1060 2188 1094 2218 =
1125 2168 1289 2241 6166666-

211 2244 330 2298 cemani
353 2241 389 2296 de
404 2243 485 2295 mots
512 2239 725 2296 harmonieux.
773 2241 1027 2308 dum,realiser.

209 2311 646 2380 Gt.1:cornponendiratio.
808 2311 855 2367 15.
885 2313 925 2366 ln
940 2311 1139 2366 auctoribus.
1161 2309 1208 2366 On
1222 2327 1289 2367 em-

252 2385 352 2440 Verba
394 2383 621 2452 intercidant,
661 2384 721 2439 eto.
773 2380 853 2454 ploie
874 2381 905 2436 la
931 2382 983 2453 pro
1006 2380 1118 2437 osition
1147 2383 1183 2436 in
1206 2381 1288 2438 lors-

211 2455 362 2512 Souvenir
375 2453 534 2517 d'Horace‚
559 2457 594 2509 A.
618 2457 655 2509 Ρ.
671 2454 724 2509 70:
773 2399 1289 2525 66666666161661666666616666

211 2528 726 2594 1161166666666616666661616
773 2540 893 2581 oeuvres
921 2523 993 2580 d'un
1026 2523 1169 2580 iorivain.
1199 2525 1284 2583 Hon.

211 2599 369 2664 cecidere,
410 2598 609 2667 cadentque,
642 2611 726 2666 6666
773 2598 845 2652 Sat.
877 2595 1031 2664 1‚10,52:
1063 2598 1108 2650 Tn
1135 2597 1223 2651 nihil
1251 2598 1288 2652 in

212 2685 302 2725 nnnc
330 2669 476 2724 suntin
500 2669 620 2723 honore
631 2682 727 2723 6666-
775 2682 894 2736 maeno
908 2670 1021 2723 666166
1036 2667 1209 2735 reprendis
1223 2670 1290 2723 Ho-
1316 2729 1322 2743 ,

211 2743 340 2797 6616...
775 2737 889 2793 mero?
913 2740 1007 2806 Apud
1030 2736 1186 2810 lorsqu'on
1205 2738 1291 2811 parle

254 2811 616 2882 thnornrn=quippa
632 2840 666 2849 -
686 2811 726 2864 In
774 2808 847 2864 d’un
861 2823 991 2880 passage
1005 2807 1171 2864 determine
1188 2823 1194 2864 :
1224 2811 1291 2866 bre-

212 2883 462 2939 consnetndine.
502 2881 620 2936 Horace
657 2879 725 2934 dit:
775 2881 1146 2949 vitas...qnaeeciapnd
1156 2881 1289 2936 Livium

211 2956 241 3011 si
271 2955 355 3009 volet
379 2968 470 3018 6666,
500 2967 596 3021 66661
625 2965 727 3020 penes
775 2952 811 3006 in
827 2952 980 3021 epistula.
992 2950 1096 3017 Quint.
1121 2950 1291 3008 revientioi

212 3025 560 3090 arbitrinmestetjns
572 3027 727 3077 ainornm
774 3022 793 3076 6
821 3036 882 3078 666
918 3021 984 3077 1666
1010 3021 1078 3093 ddja
1108 3021 1290 3096 developpee

215 3096 381 3165 loquendi.
406 3094 451 3150 Cf.
478 3093 595 3149 1666οι
621 3097 657 3147 61
672 3094 727 3147 611·
775 3092 846 3166 plns
871 3092 959 3158 haut,
975 3092 1003 3158 1,
1019 3091 1064 3148 26.

212 3182 271 3223 666
285 3166 378 3237 sotiis
389 3169 446 3221 etc.
467 3167 497 3220 61
506 3164 620 3231 Qurnr.
641 3163 725 3226 Vlll.
810 3165 904 3220 Inter
919 3164 1005 3233 ipsos
1017 3180 1034 3228 ‚·.
1050 3165 1080 3218 et
1095 3178 1156 3219 666
1170 3179 1227 3236 pas
1241 3165 1291 3219 in-

211 3239 239 3306 6,
254 3239 309 3294 32:
335 3253 410 3294 cnm
425 3237 532 3291 muita
556 3234 672 3292 cotidie
688 3237 727 3291 66
777 3239 825 3290 ter
847 3251 881 3291 se
913 3235 967 3307 qui
988 3233 1143 3306 s'emploie
1168 3237 1291 3291 surtout

213 3311 364 3380 antiquis
378 3311 456 3381 ficta
471 3307 672 3362 moriantur.
775 3306 864 3377 apres
888 3305 916 3360 lo
938 3305 1106 3361 nominatis
1124 3307 1155 3361 61
1176 3305 1292 3363 l’aoou-

247 3383 407 3437 collocata
431 3378 578 3450 equivaut
606 3377 727 3448 simple·
775 3377 858 3433 satis.
871 3375 920 3432 Cf.
933 3377 960 3445 1,
977 3377 1031 3432 14:
1057 3378 1136 3433 1666
1153 3378 1243 3433 inter
1257 3393 1291 3433 se

212 3456 298 3508 ment
319 3450 502 3506 6661116116
521 3480 557 3489 -
571 3449 727 3516 Composi-
775 3449 864 3503 idern
877 3447 1018 3517 faciunt,
1034 3451 1065 3503 et
1078 3447 1149 3521 plus
1162 3448 1228 3518 bas,
1243 3447 1290 3506 23.

214 3525 280 3580 tio:
304 3521 409 3590 Quint.
434 3519 591 3576 considere
611 3534 727 3576 succes·
775 3520 857 3575 Pour
877 3519 909 3574 la
932 3519 1052 3591 666666,
1075 3535 1106 3576 v.
1131 3521 1292 3576 11161666

213 3595 363 3651 sivement
377 3593 458 3648 deux
473 3591 580 3649 choses
591 3591 668 3646 dans
678 3605 727 3646 666
774 3590 928 3647 orat.18:
945 3591 1114 3650 Calvum...
1144 3591 1291 3647 Ciceroni

213 3665 357 3737 procedes
385 3663 568 3719 d'imitation
597 3661 728 3734 superfi-
775 3663 884 3718 vienna
906 3677 1109 3732 crannonem
1138 3667 1169 3716 61
1196 3664 1292 3718 attri-

213 3736 309 3803 cielle,
325 3734 451 3791 d'abord
465 3733 509 3789 166
533 3733 727 3804 expressions
777 3738 860 3800 tum,
873 3735 1015 3788 Brutum
1026 3738 1139 3789 antem
1150 3734 1292 3788 otiorum

212 3807 383 3875 isoldment‚
399 3805 518 3863 ensuite
543 3804 611 3860 leur
624 3819 727 3859 arran·
775 3809 875 3874 61666
890 3805 1122 3872 (1161666166
1143 3820 1293 3859 rursum·

213 3882 336 3951 gomont
349 3894 406 3951 par
420 3891 564 3948 groupes.
684 3932 687 3936 ,
775 3890 838 3946 666
862 3877 1046 3932 Ciceronem
1071 3890 1092 3930 6
1114 3877 1208 3930 Calvo
1223 3877 1293 3945 661·

247 3951 293 4006 14.
312 3949 553 4011 Eoeactissimo‚·
576 3946 613 4002 (16
628 3950 726 4002 meme
776 3948 850 4003 dem
873 3946 1152 4012 maledicentiae,
1168 3949 1225 4001 etc.

211 4021 240 4087 7,
254 4021 291 4078 30
307 4035 314 4077 :
331 4018 559 4076 commentarii
572 4020 622 4073 ita
635 4032 728 4073 6666·
811 4019 903 4073 Maia
913 4019 1021 4086 pejus.
1039 4015 1120 4072 C'est
1132 4031 1165 4073 66
1200 4017 1293 4072 61661

214 4094 251 4158 ti,
276 4107 350 4147 avoc
367 4089 397 4146 le
414 4105 485 4145 sens
499 4088 536 4144 de
548 4088 725 4158 perfectus.
775 4089 876 4144 arrive
900 4103 963 4143 aux
986 4087 1159 4144 imitateurs
1178 4033 1218 4145 16
1236 4086 1294 4144 St·

212 4162 347 4219 N'existe
355 4177 411 4234 pas
419 4161 491 4216 chez
499 4159 636 4227 ciceron,
648 4159 727 4215 mais
776 4161 887 4231 66666.
903 4159 939 4216 V.
955 4160 983 4214 1.
999 4159 1062 4216 127.

212 4234 280 4306 ddja
300 4233 372 4289 chez
400 4232 529 4298 Horace,
549 4235 606 4301 Ep.
632 4231 673 4297 11,
697 4231 726 4298 1,
811 4233 910 4287 Nec...
926 4233 1045 4287 satiem
1060 4229 1206 4303 equivaut
1222 4228 1294 4284 ohez

212 4305 249 4362 72
278 4320 285 4361 :
312 4305 514 4374 6616166666
541 4309 573 4358 61
600 4304 728 4359 enectis
775 4301 880 4369 Quint.
904 4302 922 4357 6
946 4317 1028 4359 66...
1055 4302 1188 4370 quidem
1203 4299 1251 4356 Gt.
1265 4301 1294 4368 7,

214 4378 394 4432 minimum
408 4376 584 4431 distantia.
774 4373 1294 4442 2061666666666116161661666...
