3317 5159
669 389 848 453 -137-

209 545 308 621 ccndi,
325 544 369 604 sic
390 543 599 605 adulescentes
620 564 683 604 non
701 544 813 605 debent
833 545 965 605 nimium
981 545 1013 606 in
1029 546 1105 607 falso
1119 567 1223 607 rerum

209 643 341 720 imagine
359 642 488 702 detineri
502 662 558 703 nec
572 643 715 703 inanibus
730 662 763 702 se
778 643 951 704 simulacris
966 663 1064 724 usque
1080 645 1166 723 adeo,
1189 651 1223 706 ut

209 742 341 802 difficilis
355 741 394 802 ab
408 741 457 800 his
471 741 626 819 digressus
647 743 694 814 sit,
712 742 916 818 adsuefacere,
933 763 972 802 ne
993 743 1104 823 abillo,
1121 745 1153 804 in
1164 763 1224 824 qua

208 859 301 921 prope
324 845 561 918 consenuerunt,
588 840 696 900 umbra
719 860 790 902 vera
813 841 990 901 discrimina
1014 842 1096 902 velut
1120 861 1224 921 quem-

209 940 280 1000 dam
302 940 397 999 solem
419 939 626 999 reformident.
652 939 738 1011 Quod
753 939 899 999 accidisse
923 940 1015 1000 etiem
1037 941 1145 1002 Porcio
1169 942 1225 1002 La·
1243 941 1284 1000 18
1368 997 1373 1010 ,

209 1039 299 1113 troni,
315 1038 368 1117 qui
383 1038 501 1117 primus
523 1038 597 1097 olari
620 1037 752 1097 nominis
767 1039 918 1117 professor
931 1038 1000 1115 luit,
1016 1039 1157 1117 traditur,
1174 1045 1219 1115 ut,

209 1138 322 1198 cumei
345 1156 499 1198 summam
522 1137 554 1196 in
579 1137 690 1197 scholis
713 1137 886 1216 opinionem
909 1137 1056 1216 obtinenti
1079 1157 1170 1200 causa
1190 1140 1224 1199 in

208 1241 272 1299 foro
286 1242 366 1298 esset
388 1236 512 1313 oranda,
538 1237 675 1316 impense
694 1235 825 1316 petierit,
841 1236 886 1296 uti
907 1236 1050 1298 subsellia
1073 1237 1222 1298 131133111-

209 1405 304 1474 taille,
325 1406 365 1460 ou
385 1421 417 1460 se
437 1405 552 1462 livreni
567 1404 612 1460 les
626 1403 721 1459 131133
769 1417 878 1459 cerem
896 1417 961 1458 non
977 1407 1015 1457 ut
1033 1419 1048 1460 e
1065 1405 1211 1459 militari
1228 1408 1281 1459 tn-

208 1476 366 1534 serieuses.
383 1477 430 1533 uf.
453 1479 481 1544 1,
496 1477 531 1532 79
547 1475 619 1532 3113
638 1477 719 1530 3313.
769 1476 944 1530 bernaoulo
972 1477 1028 1530 scd
1057 1480 1095 1530 ut
1132 1492 1148 1532 e
1190 1476 1282 1530 Theo-

208 1548 256 1604 cf.
270 1548 346 1604 Trio.
361 1549 512 1604 Dial34:
524 1548 720 1617 pupnarein
764 1547 897 1614 phrasti
924 1548 1106 1602 doctissimi
1138 1549 1282 1602 hominis

206 1621 363 1688 praetio...
384 1620 473 1690 ferro
493 1635 557 1675 non
574 1619 720 1673 ‘rudibus
769 1618 980 1672 umbraculis.
1004 1649 1040 1656 -
1058 1620 1102 1673 Ab
1127 1641 1162 1668 =
1182 1623 1257 1687 post
1270 1635 1282 1685 ,-

209 1692 427 1758 dimicantes,·
464 1693 494 1746 31
529 1690 600 1763 plus
640 1689 717 1744 haut
769 1688 849 1743 ainsi
868 1688 1018 1744 chesz.
1035 1691 1073 1744 de
1090 1691 1177 1744 Orat.
1194 1690 1280 1758 1,21,

206 1763 234 1826 1,
249 1763 277 1826 4,
293 1762 721 1818 3333133313131111313.-
767 1759 822 1814 89:
851 1760 915 1816 Vim
930 1775 1040 1815 annus
1053 1761 1282 1817 intercesserat

207 1833 331 1903 Supina
347 1832 518 1906 s'explique
532 1848 589 1907 par
599 1835 721 1901 jncun-
769 1833 808 1885 ab
823 1831 880 1886 hoc
895 1847 1053 1887 sermone.
1070 1831 1108 1886 K.
1125 1834 1179 1887 Gr.
1208 1835 1279 1887 Lat.

208 1907 355 1961 dioribus
371 1907 486 1975 epulis
505 1905 559 1976 qui
583 1907 630 1959 331
649 1904 720 1976 plus
768 1901 885 1969 11,359.

205 1977 301 2034 haut:
319 1976 718 2032 Lanourriturefortifiante
803 1973 848 2028 18.
875 1975 962 2034 Quod
984 1975 1176 2030 accidisse...
1208 1979 1278 2029 ut.·..

206 2047 721 2121 del’eloquenoe.L'expressionest
768 2043 866 2099 uterne
896 2045 1102 2101 construction
1129 2061 1187 2118 que
1212 2047 1282 2118 plus

205 2119 360 2176 d'ailleurs
397 2119 525 2175 usuelle.
555 2118 602 2173 Cf.
641 2119 717 2174 Tic.
767 2115 1153 2184 haut‚1,58.v.1an0teo
1172 2133 1281 2190 copas·
1329 2121 1332 2129 ⁴

205 2192 288 2247 Hist.
302 2191 343 2258 ΙΙ,
357 2192 413 2248 88:
432 2192 580 2260 sinentis
605 2192 719 2245 militi·
767 2203 849 2259 sege.
870 2219 905 2228 —
925 2190 1063 2244 Porcius
1077 2191 1187 2256 Latro,
1216 2189 1282 2244 rhi-

205 2265 263 2320 bus
275 2265 427 2318 Vitellius
434 2264 673 2331 paratoscibos,
682 2267 720 2317 ut
768 2261 836 2314 leur
848 2259 964 2315 celebre
977 2260 1030 2331 qui
1049 2261 1097 2316 tut
1110 2260 1194 2315 l’ami
1209 2264 1239 2315 et
1253 2260 1281 2316 13

205 2337 444 2404 aladiatorium
475 2335 640 2403 supinam,
671 2337 718 2389 di·
767 2332 965 2404 compatriote
1009 2332 1044 2386 de
1080 2333 1217 2404 Sc'ndque
1253 2332 1281 2387 le

205 2407 344 2461 uidebat.
361 2407 409 2462 On
423 2409 498 2479 peut
512 2406 716 2478 rapprocher:
788 2403 864 2473 ere3
911 2402 1049 2476 professa
1089 2419 1145 2458 son
1183 2407 1230 2459 art
1263 2405 1281 2459 1

205 2479 410 2532 athletarum
435 2479 548 2532 toris...
570 2478 717 2532 militum
795 2489 862 2529 oure
877 2489 949 2530 sous
962 2473 989 2530 le
1000 2476 1091 2546 regne
1102 2476 1278 2546 d'Auguste.

207 2550 347 2608 lacertis.
366 2550 394 2616 1,
411 2548 457 2604 33.
473 2580 508 2588 -
522 2552 718 2616 Reparatur
766 2544 793 2600 Il
807 2549 854 2600 331
868 2545 1065 2616 longuement
1089 2547 1230 2602 ‘uestion
1244 2547 1280 2602 de

204 2621 320 2691 reficit.
328 2619 373 2674 La
384 2621 596 2692 comparaison
604 2623 650 2675 331
660 2636 718 2676 res·
765 2616 811 2671 lui
826 2616 904 2672 dans
916 2617 947 2672 la
959 2619 1079 2701 preduce
1090 2563 1143 2674 des
1154 2620 1281 2674 Contro-

204 2691 323 2746 trictive
352 2693 383 2747 et
402 2691 467 2746 doit
489 2694 552 2747 etro
583 2693 717 2748 traduite
766 2703 884 2755 verses,
900 2688 936 2744 13
950 2692 979 2743 31
995 2705 1074 2744 suiv.
1092 2689 1280 2761 Leplusdis-

205 2777 279 2835 par:
298 2766 351 2818 n'u
366 2765 494 2818 d'uutre
509 2765 585 2831 effet
605 2779 666 2833 que
679 2767 717 2820 de
766 2759 1281 2829 11333313333313333131031313.-

204 2835 342 2901 reparer
357 2837 413 2890 313.
766 2830 946 2899 Professor,
958 2831 1132 2904 appartient
1146 2831 1280 2887 313133-

239 2907 280 2959 In
303 2904 394 2974 falsa
419 2920 534 2960 rerum
558 2905 716 2975 imayine.
767 2917 825 2971 guo
840 2902 929 2974 apres
944 2902 1099 2974 Auguste3
1122 2903 1219 2958 forme
1243 2904 1280 2960 de

185 2975 251 3048 tif.
279 2976 320 3043 ΙΙ,
348 2977 393 3040 10,
422 2976 461 3031 4:
489 2978 597 3032 Sint...
627 2979 717 3047 ipsae
761 2983 913 3053 profiteri
942 2973 1195 3054 (ἐπαγγέλλεσθαι),
1224 2999 1281 3055 par

205 3048 376 3116 materiae,
419 3063 503 3117 quae
536 3050 716 3120 stupentur,
766 3052 1279 3126 deriuationduprofiteriartem;

204 3120 507 3187 quamsimillimae
535 3122 671 3175 ueritati
686 3126 718 3175 et
765 3122 935 3198 s'opplique
957 3125 1161 3197 dquiconque
1185 3127 1280 3182 ensei-

204 3191 409 3259 declamatio,
423 3193 460 3246 in
476 3197 640 3260 quantum
652 3208 719 3247 mu·
765 3210 823 3266 gne
846 3211 888 3250 un
910 3199 968 3263 art,
985 3200 1014 3252 ot
1029 3197 1106 3251 dans
1121 3197 1152 3252 la
1166 3198 1279 3269 langue

203 3263 294 3317 aime
326 3267 443 3331 potest,
480 3263 633 3317 imitetur
661 3279 716 3320 eas
766 3266 818 3321 des
834 3267 982 3336 rheteurs,
1000 3269 1018 3322 3
1037 3267 1116 3323 33131
1138 3269 1190 3341 qui
1206 3285 1279 3342 pro-

203 3335 359 3414 cationes,
376 3336 412 3388 in
434 3349 579 3404 quarum
595 3337 716 3390 enerci—
764 3337 844 3393 fesso
867 3338 937 3394 l'ert
963 3355 1019 3430 par
1042 3339 1221 3406 excellence,
1248 3339 1279 3396 la

205 3409 361 3460 tationem
377 3411 508 3473 reperta
520 3409 632 3461 331313.
645 3407 714 3473 XII,
764 3409 949 3481 rhetorique.
958 3410 1053 3479 (atil,
1062 3412 1107 3475 11,
1120 3412 1155 3468 1:
1173 3427 1282 3467 euem=

203 3477 317 3542 11,15:
335 3477 419 3537 Quid
433 3478 590 3533 attinet...
611 3480 716 3534 decla·
759 3481 815 3548 plo
831 3483 979 3551 manni...
996 3483 1279 3553 nominisprofes·

204 3548 322 3602 mttere
347 3549 385 3602 in
404 3548 514 3603 schola
536 3555 567 3604 et
583 3554 715 3604 tantum
763 3566 887 3606 sorum.
913 3553 982 3620 XII,
1005 3554 1049 3620 11,
1070 3554 1130 3612 20:
1157 3570 1278 3626 neome-

205 3619 325 3673 taboris
347 3620 382 3673 in
404 3621 501 3675 rebus
522 3619 621 3688 falsis
645 3637 716 3677 eon·
766 3627 837 3678 trae
848 3628 879 3678 et
894 3625 1014 3679 musici
1025 3629 1055 3680 et
1065 3627 1277 3695 prammatici

203 3704 368 3745 sumere...
392 3694 423 3745 et
449 3691 524 3746 Tnc.
548 3694 634 3747 Dial.
659 3692 713 3749 35:
763 3698 1012 3767 ceterarumque
1042 3701 1170 3754 artium
1200 3713 1278 3766 pro-

203 3761 370 3831 Quidqnid
406 3761 442 3816 in
458 3763 576 3818 scholis
597 3765 715 3820 cotidie
762 3766 915 3835 sessores.

203 3834 326 3900 cipitur,
351 3834 389 3887 in
413 3833 484 3903 foro
509 3837 559 3890 vel
572 3850 650 3890 raro
665 3839 716 3890 vet
799 3838 991 3906 Opinionem
1006 3860 1037 3882 =
1055 3839 1278 3896 enistimatio-

204 3918 406 3973 numquam
434 3910 464 3959 31
491 3905 545 3960 34:
584 3909 715 3963 Faciem
764 3924 850 3976 nem,
865 3910 1005 3980 famam.
1020 3911 1108 3966 Ainsi
1122 3911 1193 3984 plus
1208 3912 1275 3976 bas,

203 3976 418 4044 eloquentiae,
448 3991 514 4031 non
533 3977 715 4049 iuraainem
763 3981 858 4048 7‚17:
886 3981 1001 4050 fructu
1025 3985 1136 4038 laudis
1156 3985 1277 4051 opinio-

197 4051 383 4114 praestare.
764 4053 887 4121 nisque.
927 4052 973 4108 Cf.
1003 4054 1078 4109 Tnc.
1103 4055 1276 4116 alatro:

244 4119 388 4178 Umbra‚·
426 4116 565 4191 s'oppose
593 4118 611 4171 1
637 4134 715 4175 vera
763 4124 913 4190 opinio...
941 4130 973 4180 et
1000 4125 1107 4194 fama,
1136 4128 1190 4180 cui
1214 4128 1276 4181 soli

203 4188 412 4244 discrimine.
426 4188 474 4244 Cf.
499 4189 569 4260 plus
584 4190 671 4257 haut,
686 4193 714 4259 1,
761 4197 914 4250 seruiunt
930 4196 1070 4268 (poetae).

201 4259 238 4314 33
251 4275 325 4316 aveo
338 4260 369 4315 13
384 4263 454 4316 3313
481 4276 534 4316 sur
553 4260 714 4330 forensem
798 4268 970 4323 subsellia.
986 4268 1027 4324 Ge
1039 4271 1110 4325 sont
1123 4265 1168 4320 los
1180 4265 1276 4324 banos

198 4333 371 4399 pulverem
386 4336 416 4387 31
428 4331 493 4388 Cic.
509 4335 603 4386 Brut.
618 4334 646 4401 9,
659 4333 712 4390 37:
762 4337 802 4391 od
826 4339 985 4410 prenaient
1005 4339 1091 4412 place
1114 4336 1158 4392 les
1175 4339 1275 4411 juges,

199 4408 404 4473 processerat
432 4405 469 4460 in
484 4407 584 4461 solem
600 4410 631 4461 et
640 4409 715 4475 pul·
761 4407 806 4464 133
834 4408 1000 4480 plaideurs,
1027 4411 1072 4467 les
1097 4413 1221 4466 avocats
1246 4415 1276 4468 31
