3317 5159
673 284 854 351 -151-

264 441 366 516 Quare
381 439 545 522 capiendae
559 444 632 500 sunt
646 439 726 514 illae,
742 438 780 497 de
794 436 906 516 quibus
920 435 994 530 dixi,
1012 456 1116 497 rerum
1131 434 1238 516 imagi-
1260 435 1300 500 15

220 559 286 618 neS,
302 559 378 619 quas
392 540 492 602 vocari
508 541 663 617 φαντασίας
676 537 889 613 indicavimus
906 536 1078 617 omniaque,
1104 536 1141 596 de
1166 537 1238 614 qui-

217 637 277 698 bus
292 639 402 699 dicturi
417 640 545 716 erimus,
562 655 719 716 personae,
736 635 940 721 quaestiones,
957 654 1037 714 speS,
1063 642 1163 696 metus
1177 637 1236 697 ha-

218 734 319 795 benda
342 736 374 795 In
398 735 506 812 oeuliS,
530 735 563 793 in
582 733 719 793 adfectus
742 731 936 810 recipienda:
960 737 1066 811 pectus
1081 739 1127 792 est
1141 735 1235 810 enim,

217 834 300 912 quod
323 835 452 895 disertos
480 834 563 910 facit,
586 837 615 892 et
640 833 686 891 vis
701 831 824 891 mentis
854 829 986 910 Ideoque
1001 833 1238 914 imperitisquo-

219 952 291 1014 qne,
310 934 336 994 si
351 934 440 993 modo
454 937 527 992 sunt
541 932 641 1009 aliquo
655 930 775 991 adfectu
798 931 950 1007 eoncitad,
976 932 1068 994 verba
1095 952 1157 994 non
1185 935 1239 994 de-

119 1046 120 1049 ’
220 1036 304 1091 sunt.
334 1031 414 1092 Tum
430 1029 635 1091 intendendus
648 1029 782 1106 animus,
792 1047 854 1087 non
867 1029 899 1088 in
912 1029 1046 1109 aliquam
1055 1049 1121 1091 rem
1129 1049 1234 1110 unam,
1257 1032 1297 1098 to

219 1129 273 1189 sed
300 1130 332 1189 in
361 1130 464 1208 plures
488 1127 580 1188 simul
604 1127 775 1201 continuas,
798 1132 845 1203 ut,
861 1126 887 1186 si
905 1147 960 1207 per
973 1129 1107 1207 aliquam
1121 1137 1236 1195 rectam

217 1229 299 1288 vIam
314 1229 474 1289 mtttamus
487 1227 600 1301 oeulos,
617 1225 709 1285 simul
723 1227 824 1287 omnia
836 1235 995 1305 quaesunt
1007 1229 1235 1311 ineaeIreaque

218 1327 385 1404 intuemur,
411 1348 474 1388 non
500 1327 646 1387 ultimum
677 1330 797 1386 tantum
825 1326 975 1406 videmus„
1002 1328 1054 1388 sed
1078 1332 1235 1408 usquead

217 1424 376 1484 ultimum.
405 1424 499 1486 Addit
519 1424 558 1485 ad
582 1424 747 1484 dicendum
770 1425 861 1484 etiam
885 1426 983 1505 pudor
997 1427 1148 1507 stimulos,
1178 1433 1235 1490 mi-

217 1540 348 1601 rumque
371 1523 467 1583 videri
495 1528 603 1602 potest,
619 1522 710 1603 quod,
727 1541 798 1582 cum
812 1523 901 1583 stilus
916 1529 1031 1584 secreto
1046 1529 1175 1604 gaudeat
1189 1536 1234 1590 at-

214 1700 401 1758 L'entithese
416 1701 544 1774 suggere
554 1701 643 1757 l'idee
654 1700 729 1756 d'un
777 1705 848 1760 s'est
860 1721 998 1763 souvenu
1014 1709 1051 1763 de
1066 1724 1098 1764 oe
1112 1727 1242 1785 passage
1256 1715 1293 1772 de

216 1775 317 1828 statue
339 1773 452 1829 fondue
468 1774 541 1828 d'un
557 1773 624 1828 seul
640 1773 685 1843 jet
700 1777 729 1828 et
775 1777 879 1843 Quint.
904 1793 941 1834 en
965 1779 1146 1838 definissent
1169 1783 1247 1841 dans
1262 1787 1290 1842 le

215 1844 305 1900 d'une
321 1851 417 1900 mosel·
441 1860 479 1900 ue
493 1845 567 1899 faite
579 1844 616 1899 de
628 1845 729 1915 pieoes
774 1849 858 1904 Dino.
875 1866 937 1904 sur
954 1853 982 1905 le
997 1854 1080 1920 style
1097 1869 1129 1908 oe
1151 1857 1227 1927 qu'il
1243 1873 1291 1913 en-

215 1917 402 2042 rapporte'es.
418 1861 445 1971 d
456 1915 598 1998 supple'ep
608 1916 725 1971 oratt'o.
776 1919 848 1974 tend
858 1936 914 1993 par
924 1920 1110 1994 l'e'loquenoe
1121 1928 1272 1984 naturelle
1283 1945 1289 1985 :

248 1989 264 2042 1
287 2029 293 2042 .
316 1987 362 2042 De
384 1988 501 2057 quobus
525 1989 608 2052 dext,
632 1986 727 2055 VI‚2,
777 1993 861 2047 «Ges
882 1993 1025 2050 hommes
1047 2001 1178 2052 sentent
1201 2001 1293 2056 vioe-

212 2066 277 2122 29:
308 2068 394 2127 Quas
432 2061 585 2136 φαντασίας
611 2068 728 2122 Graeci
774 2068 873 2130 ment,
901 2067 1083 2134 e'affeotent
1110 2071 1288 2140 demente,

213 2143 339 2206 vocant,
382 2154 441 2194 nos
467 2153 549 2194 sane
584 2139 726 2194 visiones
775 2135 860 2190 ete.»
1070 2157 1074 2162 ·

212 2210 426 2278 appellemus,
445 2224 508 2278 per
532 2225 614 2278 quas
636 2211 728 2265 ima-
810 2205 854 2262 16.
890 2207 1070 2266 Continuus
1101 2231 1134 2260 Ξ
1170 2214 1225 2286 qui
1258 2229 1289 2270 se

210 2282 304 2349 pinea
323 2296 438 2337 rerum
461 2283 648 2338 absentium
676 2283 727 2336 tta
773 2276 913 2333 tiennent
937 2283 1021 2338 entre
1039 2281 1123 2338 elles.
1147 2285 1195 2342 m.
1220 2285 1289 2358 plne

211 2357 510 2421 repraesentantur
535 2354 661 2419 animo,
689 2359 727 2407 αι
773 2350 862 2417 haut,
878 2351 922 2406 m.

211 2438 268 2478 eas
291 2437 425 2480 eernere
448 2426 609 2481 oculisne
628 2439 726 2492 prae·
807 2425 941 2479 Rectam
971 2426 1070 2482 viam.
1105 2426 1241 2484 Fenelon
1270 2446 1289 2485 a

212 2499 320 2550 sentes
334 2497 648 2551 haberevideamur.
675 2496 724 2551 Cf.
772 2495 868 2566 repris
892 2498 970 2551 oette
994 2500 1217 2572 comparaison,
1247 2517 1285 2557 en

211 2565 281 2633 XII,
296 2565 341 2633 10,
360 2566 388 2632 6,
412 2569 451 2622 οὺ
474 2566 498 2622 il
520 2565 726 2638 s'appIIquen
771 2563 803 2619 Ia
829 2567 961 2623 tendant
975 2569 1046 2638 plue
1062 2573 1145 2627 nette
1160 2587 1267 2628 enoore
1276 2590 1285 2644 ;

211 2637 393 2708 unpeintre‚
417 2639 524 2694 Theon
539 2638 576 2692 de
596 2637 723 2693 Samos:
771 2639 881 2693 Lettre
910 2639 931 2694 ct
963 2641 1166 2714 incontrato,
1198 2644 1234 2699 de
1256 2643 1287 2699 le

208 2708 719 2778 concipiendteviotontbunquae
771 2707 977 2782 Rhetorique:
997 2734 1007 2761 ι
1025 2715 1107 2770 Cotta
1128 2715 1286 2772 nottettcte

209 2782 363 2856 φαντασίας
382 2795 533 2845 vocant...
548 2794 725 2858 praestan.
771 2784 900 2836 nasseto
916 2784 983 2852 fait
1002 2787 1098 2854 qu'on
1113 2788 1189 2849 voit,
1207 2789 1285 2858 d’un

210 2861 373 2914 ttsstmus.
770 2855 843 2909 seut
875 2868 956 2923 eoup
987 2857 1083 2920 d'oeit,
1124 2856 1285 2928 l'onoraye

242 2931 373 2986 Dictura·
401 2932 537 2986 erimus.
566 2930 608 2986 Le
636 2932 723 2987 futur
771 2929 888 2994 entier,
904 2943 1026 2984 comme
1051 2945 1092 2985 on
1108 2930 1174 2984 voit
1197 2931 1235 2984 de
1253 2933 1285 2985 ta

206 3000 428 3070 indetermine3
452 3001 489 3058 de
519 3002 617 3057 meme
640 3002 722 3058 Gioe-
765 2999 861 3066 place
882 3001 1039 3070 pontique
1073 2999 1170 3055 d'une
1208 3003 1284 3057 vttle

207 3087 274 3139 ron,
291 3077 330 3128 ete
345 3075 433 3129 Orat.
450 3073 475 3142 I,
488 3073 723 3142 52,223:apud
771 3075 875 3126 tontes
906 3075 1086 3128 lesrueoet
1111 3076 1209 3126 tontes
1240 3073 1284 3128 les

206 3159 285 3212 quoe
313 3147 445 3215 aliquid
466 3151 541 3214 apat
566 3150 627 3200 aut
653 3147 719 3201 erit
765 3147 881 3209 portos,
897 3147 1011 3214 quand
1028 3148 1132 3199 tontes
1149 3144 1194 3198 leo
1207 3159 1284 3200 rues

210 3219 383 3271 acturus...
768 3219 840 3267 sont
855 3217 987 3281 (trottae,
1010 3217 1118 3284 epotas
1133 3219 1165 3269 et
1177 3229 1218 3269 en
1234 3232 1284 3278 ou-

241 3288 282 3342 Ια
324 3288 486 3357 adfectus,
527 3303 644 3342 comme
682 3290 720 3342 in
769 3287 934 3341 metria.»
966 3287 1012 3342 Cf.
1042 3286 1184 3352 Bunuon,
1211 3302 1281 3342 ouv.

206 3361 402 3430 exemplum,
415 3358 443 3426 2,
456 3358 493 3414 2:
509 3375 588 3430 pour
596 3359 718 3414 eohauf-
767 3355 827 3410 eit:
847 3379 857 3406 α
876 3359 955 3415 C’eot
967 3359 1061 3429 fante
1080 3361 1118 3414 de
1141 3358 1236 3427 plan,
1254 3363 1284 3413 et

205 3429 310 3485 ferles
325 3430 476 3501 passions.
767 3429 835 3481 tout
855 3426 883 3482 le
897 3445 1036 3502 passage.

240 3503 280 3555 Et
295 3503 487 3557 piamentis.
499 3500 717 3556 construction
802 3499 914 3555 Pudor
927 3522 958 3544 =
972 3503 1233 3572 Femur-propre,
1250 3500 1278 3555 le

203 3587 260 3695 par
280 3571 460 3644 hyperbato.
485 3571 512 3626 Il
533 3589 554 3643 y
578 3588 597 3626 a
611 3587 719 3627 enoore
767 3571 933 3639 sentiment
955 3573 991 3630 de
1006 3571 1176 3632 l'honneur‚
1200 3586 1279 3626 oom-

216 3643 300 3696 ann
325 3643 478 3712 ohiasme;
500 3648 614 3711 peetus
630 3648 676 3699 est
699 3645 718 3698 a
766 3656 814 3696 me
839 3641 916 3698 dans
938 3660 970 3700 oo
995 3658 1063 3699 vers
1085 3643 1122 3696 de
1136 3641 1279 3709 Terence,

203 3717 362 3786 rapporter
385 3715 404 3768 a
432 3715 469 3768 tn
484 3715 554 3783 acts.
570 3717 671 3783 reeip.
686 3719 716 3771 et
764 3714 898 3782 Adelph.
915 3715 940 3783 1,
967 3719 993 3780 1,
1016 3713 1071 3770 32:
1096 3714 1227 3768 Pudore
1250 3720 1281 3769 et

202 3788 249 3840 vta
260 3787 381 3840 mentia
397 3786 578 3841 thabenda
593 3788 630 3840 in
646 3802 718 3842 oeu—
767 3785 966 3842 liberalitate
988 3788 1102 3841 liberos
1126 3785 1280 3840 Retinere

203 3857 255 3910 tis.
283 3856 328 3910 La
353 3857 485 3925 vigneur
512 3857 548 3912 de
579 3856 717 3913 l'intelli·
765 3857 1166 3926 aattnseaseeredoquam
1178 3860 1278 3911 metu.

201 3942 294 3997 genoe
318 3927 374 3999 qui
394 3926 523 4002 possede
549 3931 649 3984 tontes
672 3929 716 3984 les
764 3927 879 3991 Tacite,
898 3930 980 3985 Diat.
1001 3929 1037 3984 36
1058 3925 1187 3999 emploie
1202 3927 1280 3982 dans

202 4012 374 4054 ressouroes
387 3999 477 4054 d'une
488 4015 578 4054 cause
590 4000 716 4072 suppleo
764 3996 792 4051 le
807 4001 906 4054 meme
920 4017 989 4056 sens
1004 4001 1119 4054 rubor:
1143 4012 1207 4052 non
1222 4001 1279 4052 mi·

202 4068 266 4123 ala
280 4070 411 4125 vivaoIte
439 4070 492 4125 des
507 4071 714 4139 sendments3
764 4085 828 4123 nus
855 4073 972 4128 rubore
994 4085 1095 4142 quam
1115 4071 1278 4137 praemiis

202 4145 234 4195 et
263 4156 282 4195 a
311 4140 343 4194 la
375 4141 581 4212 signification
614 4142 651 4196 de
684 4147 715 4197 et
763 4141 1039 4199 stimulabantur.

202 4213 305 4266 auant.
317 4211 364 4267 Cf.
375 4212 481 4281 1,116;
494 4214 535 4266 Et
545 4215 713 4268 Serviat...
798 4213 903 4270 Stilus
918 4221 1050 4273 secreto.
1081 4210 1128 4267 Cf.
1142 4209 1169 4274 3.
1197 4210 1234 4266 22
1248 4213 1278 4266 et

238 4283 408 4351 Imperitis
431 4297 568 4353 quoque.
601 4284 714 4339 Buffon
761 4281 840 4338 suiv.
