3317 5159
860 331 1045 396 -106-

354 531 357 536 .
444 478 614 560 eloquentia
632 479 747 562 aliquid
766 499 949 542 commune:
970 481 1001 541 id
1020 479 1177 542 imitemur
1198 482 1278 562 quod
1301 501 1465 548 commune

384 576 423 636 23
443 583 501 640 est.
517 579 618 640 Etiam
632 580 689 640 hoc
704 580 778 639 solet
792 579 977 640 incommodi
992 580 1128 640 accidere
1142 581 1191 658 iis,
1200 581 1252 661 qui
1265 601 1297 643 se
1309 581 1363 643 uni
1374 583 1464 644 alicui

446 678 550 756 generi
565 677 759 758 dediderunt,
776 684 823 756 ut,
840 680 866 738 si
881 680 1027 760 asperitas
1042 680 1079 739 iis
1095 680 1368 762 placuii'alicujus,
1385 684 1465 744 hane

444 777 538 836 etiam
559 774 591 835 in
610 776 670 835 leni
691 769 726 836 ae
751 778 879 838 remisso
898 796 1061 839 causarum
1079 797 1190 856 genere
1213 799 1274 840 non
1289 787 1421 841 exuant:
1439 782 1465 842 si

442 876 574 936 tenuitas
589 882 642 937 aut
653 876 844 956 jucunditas,
864 877 898 936 in
917 878 1032 955 asperis
1054 876 1257 958 gravibusque
1271 879 1371 938 causis
1391 899 1465 959 pon·

445 974 510 1034 deri
525 993 630 1035 rerum
644 994 754 1055 parurn
769 975 990 1055 respondeant:
1007 994 1078 1035 cum
1094 976 1133 1036 sit
1148 975 1265 1037 diversa
1280 997 1341 1038 non
1360 996 1465 1038 causa-

443 1090 514 1132 rum
528 1073 617 1133 modo
631 1075 713 1133 inter
729 1074 811 1154 ipsas
826 1073 973 1150 condicio,
990 1071 1043 1132 sed
1059 1073 1091 1132 in
1106 1074 1234 1152 singulis
1249 1077 1342 1136 etiarn
1364 1077 1464 1136 causis

443 1172 588 1252 partium,
604 1173 726 1251 sintque
745 1172 805 1232 alia
824 1172 935 1232 leniter
955 1172 1013 1232 alia
1035 1191 1152 1252 aspere,
1168 1174 1226 1235 alia
1245 1176 1392 1235 concitate
1405 1175 1464 1235 alia

446 1271 585 1348 remisse,
605 1271 663 1333 alia
683 1271 810 1331 docendi
829 1271 887 1332 alia
910 1270 1050 1331 movendi
1065 1273 1161 1348 gratia
1175 1273 1314 1351 dicenda,
1332 1290 1463 1352 quorum

446 1369 586 1429 omnium
600 1369 757 1429 dissimilis
771 1374 863 1448 atque
878 1370 996 1430 diversa
1010 1370 1090 1431 inter
1104 1390 1137 1431 se
1151 1373 1226 1433 ratio
1241 1378 1297 1432 est.
1309 1373 1463 1452 ltaquene

446 1468 503 1527 hoc
517 1467 642 1546 quidem
657 1467 818 1542 suaserim,
834 1468 889 1527 uni
913 1487 944 1528 se
965 1469 1055 1530 alicui
1079 1469 1210 1549 proprie,
1226 1488 1318 1548 quem
1332 1489 1387 1550 per
1400 1490 1464 1530 orn-

384 1566 424 1626 21
443 1567 494 1628 616
508 1570 664 1646 sequatur,
680 1566 940 1644 addicereLonge
955 1568 1194 1647 perfectissimus
1211 1569 1397 1630 Graecorum
1411 1569 1464 1630 De·

446 1667 632 1742 mosthenes,
646 1666 761 1744 aliquid
776 1672 879 1726 lamen
894 1667 994 1746 aliquo
1009 1668 1041 1727 in
1056 1668 1119 1728 loco
1134 1668 1244 1727 melius
1258 1668 1320 1745 alii,
1332 1668 1464 1747 plurima

444 1766 506 1827 ille.
523 1765 582 1827 Sed
597 1784 658 1825 non
672 1764 725 1843 qui
739 1765 872 1838 maxime
886 1766 1052 1827 imitandus
1071 1773 1101 1827 et
1127 1769 1208 1828 solus
1223 1768 1391 1828 imitandus
1405 1774 1462 1828 esi.

383 1867 423 1930 25
444 1864 525 1939 Quid
538 1862 632 1941 ergo‘?
642 1864 711 1924 Non
725 1869 771 1923 est
785 1864 858 1924 satis
877 1865 979 1926 omnia
989 1866 1032 1926 sic
1042 1865 1153 1945 dicere,
1165 1885 1225 1947 quo
1236 1867 1324 1927 modo
1338 1867 1381 1927 M.
1392 1865 1464 1926 Tul-

384 2034 440 2087 eto.
454 2029 495 2085 Ge
518 2029 605 2102 point
626 2027 663 2084 de
680 2043 740 2083 vne
762 2028 837 2084 61611
851 2029 894 2084 16-

385 2117 487 2159 connu
502 2103 596 2156 avant
614 2099 762 2170 Auguste.

421 2176 509 2234 Quod
537 2186 714 2227 commune.
748 2171 894 2237 Quinta

383 2245 585 2318 pieeisement
608 2242 734 2297 cherchi
757 2258 797 2297 66
821 2243 894 2297 666-

384 2317 463 2390 pitre
477 2315 500 2379 Ι,
513 2315 683 2369 (166616616
694 2315 798 2386 espace
812 2314 894 2368 d'ou-

383 2402 503 2459 aroges,
526 2388 603 2441 cette
617 2384 664 2440 elo
688 2400 781 2440 uenae
800 2386 895 2456 gene-

384 2458 447 2514 rale
460 2462 490 2513 et
511 2457 551 2512 l'a
573 2401 708 2527 signaiie
732 2457 751 2510 6
773 2456 895 2512 l'imita-

385 2531 450 2586 tion
462 2529 514 2584 des
528 2529 630 2583 futurs
641 2531 789 2583 orateurs.

419 2601 464 2658 23.
508 2603 569 2655 Uni
603 2601 719 2666 alicui,
754 2598 895 2673 employe

383 2687 501 2729 comme
510 2672 539 2727 le
554 2669 701 2742 singulier
710 2670 894 2740 desinquli.

383 2745 430 2801 cf.
472 2743 520 2798 lus
540 2744 607 2809 bas,
628 2742 680 2812 243
709 2743 793 2798 aussi
817 2742 895 2797 dans

382 2816 438 2872 l'or
460 2830 492 2870 re
500 2815 631 2881 inverse,
639 2815 667 2882 7,
678 2814 714 2870 16
725 2830 731 2870 :
743 2817 895 2885 aliquam

384 2903 455 2944 rem
471 2901 587 2941 uuam.

418 2960 598 3028 Asperitas.
622 2956 665 3011 Le
680 2956 830 3012 contraire
859 2957 896 3012 de

386 3033 507 3086 lenitas
545 3031 575 3085 et
602 3027 638 3083 de
661 3029 893 3098 aequabilitas.

382 3103 471 3159 Ainsi
484 3101 554 3157 ohez
568 3099 703 3165 ciceron,
720 3100 893 3164 61606611,

338 3223 341 3227 .
382 3175 427 3238 15,
451 3174 505 3230 64:
534 3187 638 3243 penus
660 3172 823 3226 orationis
846 3171 896 3241 fu·

383 3261 458 3301 sum
481 3249 577 3315 atque
603 3246 748 3297 tractum
773 3247 805 3296 et
819 3258 895 3298 curn

386 3318 523 3372 lenitate
552 3317 699 3385 quadarn
730 3316 895 3383 aequabili

378 3389 549 3458 profluens
567 3387 639 3441 sine
654 3386 715 3440 hac
731 3387 894 3451 judiciali

383 3460 564 3527 asperitate
579 3458 692 3512 etsine
707 3459 896 3512 sententia·

382 3545 460 3585 rurn
475 3528 660 3598 forensibus
681 3529 807 3582 aculeis
816 3543 895 3596 per-

382 3603 585 3672 sequendum
616 3603 670 3654 est.
693 3597 792 3653 Merne
819 3601 895 3655 anti-

382 3673 468 3729 thdse
479 3688 516 3727 en
527 3670 661 3725 d'autres
671 3673 792 3735 termes,
804 3672 893 3727 Orat.

382 3744 427 3808 16,
451 3743 506 3800 53;
544 3744 724 3798 Elaborant
752 3743 815 3796 alii
854 3745 892 3798 in

385 3815 620 3886 aequabilitate
651 3817 680 3867 et
705 3814 841 3868 lenitate
864 3819 896 3869 et

377 3902 465 3957 puro
485 3887 582 3958 quasi
607 3886 750 3955 quodam
775 3889 803 3939 et
820 3900 896 3940 ean-

383 3961 460 4014 dida
493 3973 611 4028 qenere
639 3957 782 4012 dicendi.
815 3959 895 4012 Ecce

382 4030 725 4101 aliquiduritateutet
738 4030 894 4083 seuerita-

384 4107 449 4157 tem
462 4103 644 4171 quamdam
657 4100 762 4154 verbis
782 4103 813 4154 et
823 4114 895 4154 ora—

384 4175 483 4229 tionis
503 4171 599 4243 quasi
625 4171 826 4227 moestitiam
849 4186 895 4227 se-

382 4249 546 4314 quuntur.

417 4317 585 4384 Alicujus:
599 4313 680 4369 D’un
708 4316 817 4368 auteur
840 4310 896 4365 de-

945 2029 1003 2086 fait
1017 2031 1053 2086 ue
1067 2031 1239 2087 6666661.
1257 2031 1295 2088 K.
1312 2028 1352 2099 6,
1365 1991 1464 2100 etas

946 2102 1175 2230 etgiia’rreittas:
1205 2177 1394 2245 l’elepance,
1422 2190 1463 2230 au

946 2261 1016 2302 sens
1032 2245 1199 2302 favorable.
1228 2247 1318 2302 Ainsi
1333 2248 1462 2315 Horace,

947 2320 1002 2373 Od.
1028 2318 1068 2384 ΙΙ,
1091 2318 1136 2385 16,
1160 2318 1217 2374 38:
1235 2321 1351 2374 mihi...
1369 2319 1464 2386 spiri·

949 2394 1018 2444 lum
1028 2391 1149 2445 Graiae
1163 2394 1294 2446 tenuem
1304 2393 1461 2446 Camenae

946 2463 1055 2517 Parca
1072 2477 1137 2517 non
1150 2465 1296 2519 mendae
1306 2460 1462 2517 aeditus.

946 2532 1206 2600 LMuhmn

983 2616 1062 2670 Curre
1078 2616 1156 2670 sit...
1177 2613 1222 2669 cf.
1240 2629 1300 2668 une
1315 2616 1462 2668 tournure

947 2686 1098 2757 analogue
1108 2702 1117 2756 3
1128 2686 1198 2758 plus
1209 2685 1311 2754 hauts
1322 2685 1366 2740 13.
1376 2685 1462 2740 Dans

947 2757 991 2813 les
1006 2758 1086 2813 deux
1101 2773 1257 2828 passages,
1274 2755 1304 2810 16
1320 2756 1462 2830 proposi·

947 2830 1012 2884 tion
1037 2829 1205 2886 restrictiva
1227 2843 1258 2884 66
1283 2830 1412 2883 tratnca
1430 2827 1462 2882 16

948 2901 1026 2956 66116
1050 2900 1087 2956 de
1109 2900 1141 2954 16
1165 2900 1275 2973 penses
1290 2899 1309 2952 6
1324 2899 1463 2954 restrain-

946 2972 1017 3041 dre;
1054 2971 1160 3028 recede
1175 2986 1284 3044 propre
1299 2971 1317 3025 a
1342 2971 1373 3026 la
1388 2969 1463 3025 lati-

947 3045 1010 3099 6116
1029 2989 1137 3115 depuis
1153 3043 1303 3169 Auffiusoe‘
1334 3042 1461 3125 Ciceron

947 3113 1071 3170 enclave
1096 3118 1125 3171 et
1152 3118 1300 3171 6666166
1327 3113 1397 3186 plus
1424 3129 1462 3168 rr-

947 3189 1193 3258 goureusement.

982 3269 1151 3323 Diuersa...
1165 3269 1308 3322 diversa.
1335 3265 1462 3338 Repe'ti-

947 3339 1011 3394 tion
1035 3339 1090 3411 qui
1105 3354 1213 3394 accuse
1227 3337 1258 3392 la
1273 3336 1459 3409 negligence.

945 3409 1031 3465 Nous
1046 3425 1084 3466 66
1099 3425 1194 3466 avons
1208 3410 1366 3493 beaucoup
1376 3409 1462 3464 (166-

946 3479 1271 3637 16611166
1289 3481 1462 3636 ..lunt

946 3639 1036 3751 ortt.
1051 3624 1257 3778 11111111
1270 3623 1463 3778 {sautu

945 3767 1028 3840 ligne
1042 3767 1113 3840 plus
1128 3767 1203 3834 lorn,
1218 3768 1404 3822 uuialieur.

981 3853 1027 3910 24.
1054 3855 1342 3924 Perfeetissirnus:
1365 3853 1403 3908 ef.
1433 3853 1461 3922 1,

945 3926 991 3994 39,
1008 3927 1080 3994 611,
1095 3926 1149 3982 105
1157 3941 1166 3996 ;
1182 3941 1255 3982 aveo
1269 3925 1314 3980 les
1327 3927 1425 3980 notes.

982 3999 1123 4064 Melius,·
1145 3997 1181 4053 de
1197 4001 1295 4052 meme
1309 3995 1380 4068 plus
1394 3995 1462 4063 bas,

945 4068 973 4136 3,
988 4069 1034 4137 25,
1051 4085 1126 4125 avec
1141 4068 1247 4141 ellipse
1268 4068 1309 4123 du
1323 4067 1426 4124 verbe.

982 4166 1027 4222 25.
1043 4169 1086 4221 M.
1108 4167 1246 4221 Tullius.
1276 4164 1403 4220 Ciceron
1418 4169 1464 4221 est

947 4237 1048 4292 116661
1068 4238 1105 4292 de
1120 4238 1242 4305 Quint,
1260 4237 1313 4308 qui
1336 4252 1374 4292 ne
1388 4237 1464 4308 perd

948 4325 1066 4364 aucune
1091 4309 1231 4364 occasion
1253 4309 1290 4364 de
1318 4324 1396 4363 nous
1425 4323 1464 4364 en

383 4386 527 4457 termine3
552 4385 589 4442 de
611 4384 643 4441 la
656 4385 687 4442 si
701 4399 774 4441 avec
786 4384 815 4439 le
827 4397 895 4455 par·
942 4381 1069 4438 avertit.
1099 4380 1146 4436 Cf.
1171 4381 1199 4448 1,
1223 4380 1277 4436 39:
1309 4381 1463 4451 legendos

1645 458 1649 615 1
