<?xml version="1.0" encoding="UTF-8"?>
<!DOCTYPE html PUBLIC "-//W3C//DTD XHTML 1.0 Transitional//EN"
    "http://www.w3.org/TR/xhtml1/DTD/xhtml1-transitional.dtd">
<html xmlns="http://www.w3.org/1999/xhtml" xml:lang="en" lang="en">
 <head>
  <title>
</title>
<meta http-equiv="Content-Type" content="text/html;charset=utf-8" />
  <meta name='ocr-system' content='tesseract 3.04.00' />
  <meta name='ocr-capabilities' content='ocr_page ocr_carea ocr_par ocr_line ocrx_word'/>
</head>
<body>
  <div class='ocr_page' id='page_1' title='image "./mfabiquintilian01hildgoog_0120.png"; bbox 0 0 3317 5159; ppageno 0'>
   <div class='ocr_carea' id='block_1_1' title="bbox 792 307 984 406">
    <p class='ocr_par' dir='ltr' id='par_1_1' title="bbox 792 307 984 406">
     <span class='ocr_line' id='line_1_1' title="bbox 792 307 984 406; baseline -0.005 -93"><span class='ocrx_word' id='word_1_1' title='bbox 792 307 984 406; x_wconf 37' lang='lat'>,44-</span> 
     </span>
    </p>
   </div>
   <div class='ocr_carea' id='block_1_2' title="bbox 349 498 1447 1168">
    <p class='ocr_par' dir='ltr' id='par_1_2' title="bbox 349 498 1447 1168">
     <span class='ocr_line' id='line_1_2' title="bbox 430 498 1428 580; baseline 0 -20"><span class='ocrx_word' id='word_1_2' title='bbox 430 501 524 578; x_wconf 81' lang='lat' dir='ltr'>igitur</span> <span class='ocrx_word' id='word_1_3' title='bbox 538 505 722 580; x_wconf 73' lang='lat' dir='ltr'><strong>spectemus,</strong></span> <span class='ocrx_word' id='word_1_4' title='bbox 737 500 796 559; x_wconf 90' lang='lat' dir='ltr'>hoc</span> <span class='ocrx_word' id='word_1_5' title='bbox 811 500 999 579; x_wconf 86' lang='lat' dir='ltr'>propositum</span> <span class='ocrx_word' id='word_1_6' title='bbox 1014 499 1101 560; x_wconf 86' lang='lat' dir='ltr'>nobis</span> <span class='ocrx_word' id='word_1_7' title='bbox 1117 501 1155 560; x_wconf 88' lang='lat' dir='ltr'>sit</span> <span class='ocrx_word' id='word_1_8' title='bbox 1175 498 1361 580; x_wconf 87' lang='lat' dir='ltr'>exemplum,</span> <span class='ocrx_word' id='word_1_9' title='bbox 1377 500 1428 560; x_wconf 90' lang='lat' dir='ltr'>ille</span> 
     </span>
     <span class='ocr_line' id='line_1_3' title="bbox 430 598 1427 678; baseline -0.001 -20"><span class='ocrx_word' id='word_1_10' title='bbox 430 618 463 659; x_wconf 89' lang='lat' dir='ltr'>se</span> <span class='ocrx_word' id='word_1_11' title='bbox 488 599 651 677; x_wconf 82' lang='lat' dir='ltr'><strong>profecisse</strong></span> <span class='ocrx_word' id='word_1_12' title='bbox 675 598 760 675; x_wconf 83' lang='lat' dir='ltr'>sciat,</span> <span class='ocrx_word' id='word_1_13' title='bbox 784 599 834 658; x_wconf 91' lang='lat' dir='ltr'>cui</span> <span class='ocrx_word' id='word_1_14' title='bbox 858 599 961 659; x_wconf 87' lang='lat' dir='ltr'>Cicero</span> <span class='ocrx_word' id='word_1_15' title='bbox 985 598 1071 658; x_wconf 82' lang='lat' dir='ltr'>valde</span> <span class='ocrx_word' id='word_1_16' title='bbox 1094 599 1234 678; x_wconf 77' lang='lat' dir='ltr'>placebit,</span> <span class='ocrx_word' id='word_1_17' title='bbox 1278 598 1374 658; x_wconf 84' lang='lat' dir='ltr'>Multa</span> <span class='ocrx_word' id='word_1_18' title='bbox 1395 598 1427 657; x_wconf 89' lang='lat' dir='ltr'>in</span> 
     </span>
     <span class='ocr_line' id='line_1_4' title="bbox 349 694 1430 774; baseline -0.003 -18"><span class='ocrx_word' id='word_1_19' title='bbox 349 694 410 756; x_wconf 82' lang='lat'>113</span> <span class='ocrx_word' id='word_1_20' title='bbox 430 697 581 756; x_wconf 88' lang='lat' dir='ltr'>Asinio</span> <span class='ocrx_word' id='word_1_21' title='bbox 609 696 809 756; x_wconf 86' lang='lat' dir='ltr'>Pollione</span> <span class='ocrx_word' id='word_1_22' title='bbox 833 696 977 773; x_wconf 86' lang='lat' dir='ltr'>inventio,</span> <span class='ocrx_word' id='word_1_23' title='bbox 991 716 1111 756; x_wconf 84' lang='lat' dir='ltr'>summe</span> <span class='ocrx_word' id='word_1_24' title='bbox 1126 696 1293 774; x_wconf 74' lang='lat' dir='ltr'>diligentia,</span> <span class='ocrx_word' id='word_1_25' title='bbox 1307 697 1380 756; x_wconf 85' lang='lat' dir='ltr'>adeo</span> <span class='ocrx_word' id='word_1_26' title='bbox 1395 699 1430 754; x_wconf 87' lang='lat' dir='ltr'>nt</span> 
     </span>
     <span class='ocr_line' id='line_1_5' title="bbox 431 793 1427 873; baseline -0.001 -20"><span class='ocrx_word' id='word_1_27' title='bbox 431 793 615 872; x_wconf 83' lang='lat' dir='ltr'>quibusdem</span> <span class='ocrx_word' id='word_1_28' title='bbox 631 795 722 854; x_wconf 88' lang='lat' dir='ltr'>etiam</span> <span class='ocrx_word' id='word_1_29' title='bbox 737 794 833 854; x_wconf 88' lang='lat' dir='ltr'>nimia</span> <span class='ocrx_word' id='word_1_30' title='bbox 847 795 996 873; x_wconf 87' lang='lat' dir='ltr'>videatur,</span> <span class='ocrx_word' id='word_1_31' title='bbox 1011 801 1039 855; x_wconf 86' lang='lat' dir='ltr'>et</span> <span class='ocrx_word' id='word_1_32' title='bbox 1053 795 1170 854; x_wconf 88' lang='lat' dir='ltr'>consilii</span> <span class='ocrx_word' id='word_1_33' title='bbox 1185 799 1215 854; x_wconf 90' lang='lat' dir='ltr'>et</span> <span class='ocrx_word' id='word_1_34' title='bbox 1228 794 1323 854; x_wconf 85' lang='lat' dir='ltr'>animi</span> <span class='ocrx_word' id='word_1_35' title='bbox 1338 794 1427 854; x_wconf 83' lang='lat' dir='ltr'>satis:</span> 
     </span>
     <span class='ocr_line' id='line_1_6' title="bbox 431 891 1430 971; baseline -0.002 -19"><span class='ocrx_word' id='word_1_36' title='bbox 431 913 448 952; x_wconf 85' lang='lat' dir='ltr'>a</span> <span class='ocrx_word' id='word_1_37' title='bbox 464 893 561 952; x_wconf 87' lang='lat' dir='ltr'>nitore</span> <span class='ocrx_word' id='word_1_38' title='bbox 576 898 605 952; x_wconf 92' lang='lat' dir='ltr'>el</span> <span class='ocrx_word' id='word_1_39' title='bbox 616 891 808 971; x_wconf 82' lang='lat' dir='ltr'>jucunditate</span> <span class='ocrx_word' id='word_1_40' title='bbox 823 892 977 952; x_wconf 84' lang='lat' dir='ltr'>Ciceronis</span> <span class='ocrx_word' id='word_1_41' title='bbox 994 892 1035 952; x_wconf 82' lang='lat' dir='ltr'>ite</span> <span class='ocrx_word' id='word_1_42' title='bbox 1049 892 1136 969; x_wconf 83' lang='lat' dir='ltr'>longe</span> <span class='ocrx_word' id='word_1_43' title='bbox 1157 891 1253 968; x_wconf 86' lang='lat' dir='ltr'>abest,</span> <span class='ocrx_word' id='word_1_44' title='bbox 1278 897 1312 950; x_wconf 87' lang='lat' dir='ltr'>ut</span> <span class='ocrx_word' id='word_1_45' title='bbox 1335 891 1430 950; x_wconf 89' lang='lat' dir='ltr'>videri</span> 
     </span>
     <span class='ocr_line' id='line_1_7' title="bbox 360 989 1431 1083; baseline -0.003 -32"><span class='ocrx_word' id='word_1_46' title='bbox 360 1044 381 1083; x_wconf 30' lang='grc' dir='ltr'>ἢ</span> <span class='ocrx_word' id='word_1_47' title='bbox 433 991 529 1070; x_wconf 86' lang='lat' dir='ltr'>possit</span> <span class='ocrx_word' id='word_1_48' title='bbox 543 990 663 1050; x_wconf 85' lang='lat' dir='ltr'>saeculo</span> <span class='ocrx_word' id='word_1_49' title='bbox 679 991 770 1069; x_wconf 89' lang='lat' dir='ltr'>prior.</span> <span class='ocrx_word' id='word_1_50' title='bbox 815 991 855 1050; x_wconf 85' lang='lat' dir='ltr'>Al</span> <span class='ocrx_word' id='word_1_51' title='bbox 870 989 1054 1050; x_wconf 84' lang='lat' dir='ltr'>Messala</span> <span class='ocrx_word' id='word_1_52' title='bbox 1069 989 1184 1050; x_wconf 87' lang='lat' dir='ltr'>nitidus</span> <span class='ocrx_word' id='word_1_53' title='bbox 1199 994 1230 1050; x_wconf 85' lang='lat' dir='ltr'>et</span> <span class='ocrx_word' id='word_1_54' title='bbox 1243 989 1431 1049; x_wconf 85' lang='lat' dir='ltr'>candiduset</span> 
     </span>
     <span class='ocr_line' id='line_1_8' title="bbox 433 1085 1447 1168; baseline -0.002 -20"><span class='ocrx_word' id='word_1_55' title='bbox 433 1089 655 1167; x_wconf 86' lang='lat' dir='ltr'>quodammodo</span> <span class='ocrx_word' id='word_1_56' title='bbox 671 1089 844 1168; x_wconf 84' lang='lat' dir='ltr'>praeferens</span> <span class='ocrx_word' id='word_1_57' title='bbox 857 1088 891 1157; x_wconf 85' lang='lat' dir='ltr'>in</span> <span class='ocrx_word' id='word_1_58' title='bbox 907 1085 1034 1148; x_wconf 69' lang='lat' dir='ltr'>dieindo</span> <span class='ocrx_word' id='word_1_59' title='bbox 1059 1088 1247 1149; x_wconf 83' lang='lat' dir='ltr'>nobilitatem</span> <span class='ocrx_word' id='word_1_60' title='bbox 1272 1107 1372 1166; x_wconf 79' lang='lat' dir='ltr'>suern,</span> <span class='ocrx_word' id='word_1_61' title='bbox 1387 1088 1431 1147; x_wconf 92' lang='lat' dir='ltr'>vi·</span> <span class='ocrx_word' id='word_1_62' title='bbox 1444 1118 1447 1124; x_wconf 92' lang='lat'><em>·</em></span> 
     </span>
    </p>
   </div>
   <div class='ocr_carea' id='block_1_3' title="bbox 351 1405 1431 1829">
    <p class='ocr_par' dir='ltr' id='par_1_3' title="bbox 351 1405 1431 1820">
     <span class='ocr_line' id='line_1_9' title="bbox 386 1405 1430 1476; baseline -0.002 -14"><span class='ocrx_word' id='word_1_63' title='bbox 386 1409 485 1463; x_wconf 84' lang='lat' dir='ltr'>Hoc...</span> <span class='ocrx_word' id='word_1_64' title='bbox 514 1410 711 1476; x_wconf 78' lang='lat' dir='ltr'>cuempiam.</span> <span class='ocrx_word' id='word_1_65' title='bbox 739 1405 780 1462; x_wconf 80' lang='lat' dir='ltr'>Ge</span> <span class='ocrx_word' id='word_1_66' title='bbox 803 1406 866 1461; x_wconf 88' lang='lat' dir='ltr'>der·</span> <span class='ocrx_word' id='word_1_67' title='bbox 914 1410 1018 1472; x_wconf 80' lang='lat' dir='ltr'>auat,</span> <span class='ocrx_word' id='word_1_68' title='bbox 1047 1409 1189 1476; x_wconf 74' lang='lat' dir='ltr'>acceptis</span> <span class='ocrx_word' id='word_1_69' title='bbox 1213 1406 1430 1475; x_wconf 74' lang='lat' dir='ltr'>paucissimis</span> 
     </span>
     <span class='ocr_line' id='line_1_10' title="bbox 351 1477 1431 1549; baseline -0.004 -15"><span class='ocrx_word' id='word_1_70' title='bbox 351 1478 419 1535; x_wconf 91' lang='lat' dir='ltr'>nier</span> <span class='ocrx_word' id='word_1_71' title='bbox 434 1483 529 1536; x_wconf 85' lang='lat' dir='ltr'>terme</span> <span class='ocrx_word' id='word_1_72' title='bbox 542 1482 588 1535; x_wconf 89' lang='lat' dir='ltr'>est</span> <span class='ocrx_word' id='word_1_73' title='bbox 600 1477 866 1549; x_wconf 78' lang='lat' dir='ltr'>attribui310pro-</span> <span class='ocrx_word' id='word_1_74' title='bbox 914 1495 997 1549; x_wconf 82' lang='lat' dir='ltr'>quae</span> <span class='ocrx_word' id='word_1_75' title='bbox 1027 1482 1070 1534; x_wconf 85' lang='lat' dir='ltr'>ad</span> <span class='ocrx_word' id='word_1_76' title='bbox 1099 1484 1226 1535; x_wconf 80' lang='lat' dir='ltr'>eertum</span> <span class='ocrx_word' id='word_1_77' title='bbox 1251 1481 1383 1533; x_wconf 81' lang='lat' dir='ltr'>inedum</span> <span class='ocrx_word' id='word_1_78' title='bbox 1399 1480 1431 1531; x_wconf 91' lang='lat' dir='ltr'>et</span> 
     </span>
     <span class='ocr_line' id='line_1_11' title="bbox 351 1549 1431 1622; baseline -0.003 -17"><span class='ocrx_word' id='word_1_79' title='bbox 351 1565 424 1605; x_wconf 88' lang='lat' dir='ltr'>norn</span> <span class='ocrx_word' id='word_1_80' title='bbox 440 1566 496 1622; x_wconf 85' lang='lat' dir='ltr'>par</span> <span class='ocrx_word' id='word_1_81' title='bbox 514 1551 677 1606; x_wconf 82' lang='lat' dir='ltr'>attraction</span> <span class='ocrx_word' id='word_1_82' title='bbox 693 1552 739 1604; x_wconf 89' lang='lat' dir='ltr'>est</span> <span class='ocrx_word' id='word_1_83' title='bbox 753 1549 812 1603; x_wconf 85' lang='lat' dir='ltr'>rnis</span> <span class='ocrx_word' id='word_1_84' title='bbox 827 1565 866 1602; x_wconf 87' lang='lat' dir='ltr'>au</span> <span class='ocrx_word' id='word_1_85' title='bbox 915 1552 958 1605; x_wconf 81' lang='lat' dir='ltr'>acl</span> <span class='ocrx_word' id='word_1_86' title='bbox 972 1566 1077 1606; x_wconf 80' lang='lat' dir='ltr'>unuin</span> <span class='ocrx_word' id='word_1_87' title='bbox 1091 1552 1261 1618; x_wconf 74' lang='lat' dir='ltr'>eaemplar</span> <span class='ocrx_word' id='word_1_88' title='bbox 1268 1549 1431 1603; x_wconf 84' lang='lat' dir='ltr'>adstricta</span> 
     </span>
     <span class='ocr_line' id='line_1_12' title="bbox 352 1619 1430 1692; baseline -0.004 -15"><span class='ocrx_word' id='word_1_89' title='bbox 352 1637 443 1692; x_wconf 80' lang='lat' dir='ltr'>genre</span> <span class='ocrx_word' id='word_1_90' title='bbox 459 1624 495 1678; x_wconf 91' lang='lat' dir='ltr'>de</span> <span class='ocrx_word' id='word_1_91' title='bbox 506 1622 657 1678; x_wconf 85' lang='lat' dir='ltr'>l&#39;ettribul</span> <span class='ocrx_word' id='word_1_92' title='bbox 686 1637 742 1676; x_wconf 91' lang='lat' dir='ltr'>our</span> <span class='ocrx_word' id='word_1_93' title='bbox 750 1635 787 1674; x_wconf 90' lang='lat' dir='ltr'>en</span> <span class='ocrx_word' id='word_1_94' title='bbox 803 1620 868 1692; x_wconf 79' lang='lat' dir='ltr'>pre-</span> <span class='ocrx_word' id='word_1_95' title='bbox 915 1627 1004 1677; x_wconf 87' lang='lat' dir='ltr'>sunt.</span> <span class='ocrx_word' id='word_1_96' title='bbox 1028 1622 1111 1676; x_wconf 81' lang='lat' dir='ltr'>Dens</span> <span class='ocrx_word' id='word_1_97' title='bbox 1127 1625 1204 1676; x_wconf 88' lang='lat' dir='ltr'>cette</span> <span class='ocrx_word' id='word_1_98' title='bbox 1218 1624 1316 1676; x_wconf 80' lang='lat' dir='ltr'>meme</span> <span class='ocrx_word' id='word_1_99' title='bbox 1330 1619 1430 1684; x_wconf 86' lang='lat' dir='ltr'>lettre,</span> 
     </span>
     <span class='ocr_line' id='line_1_13' title="bbox 351 1638 684 1820; baseline 0.006 -74"><span class='ocrx_word' id='word_1_100' title='bbox 351 1707 441 1820; x_wconf 49' lang='lat' dir='ltr'>&amp;teir</span> <span class='ocrx_word' id='word_1_101' title='bbox 460 1694 493 1750; x_wconf 84' lang='lat' dir='ltr'>la</span> <span class='ocrx_word' id='word_1_102' title='bbox 507 1695 624 1750; x_wconf 88' lang='lat' dir='ltr'>notion.</span> <span class='ocrx_word' id='word_1_103' title='bbox 645 1638 684 1748; x_wconf 57' lang='lat' dir='ltr'>Ill</span> 
     </span>
    </p>

    <p class='ocr_par' dir='ltr' id='par_1_4' title="bbox 390 1803 446 1829">
     <span class='ocr_line' id='line_1_14' title="bbox 390 1803 446 1829; baseline 0 -13"><span class='ocrx_word' id='word_1_104' title='bbox 390 1804 398 1829; x_wconf 88' lang='lat'>‚</span> <span class='ocrx_word' id='word_1_105' title='bbox 440 1803 446 1816; x_wconf 94' lang='lat'>.</span> 
     </span>
    </p>
   </div>
   <div class='ocr_carea' id='block_1_4' title="bbox 353 1689 1469 2044">
    <p class='ocr_par' dir='ltr' id='par_1_5' title="bbox 700 1689 1469 1764">
     <span class='ocr_line' id='line_1_15' title="bbox 700 1689 1469 1764; baseline -0.005 -16"><span class='ocrx_word' id='word_1_106' title='bbox 700 1694 755 1748; x_wconf 87' lang='lat' dir='ltr'>Gr.</span> <span class='ocrx_word' id='word_1_107' title='bbox 773 1694 808 1746; x_wconf 87' lang='lat' dir='ltr'>L.</span> <span class='ocrx_word' id='word_1_108' title='bbox 825 1691 866 1755; x_wconf 93' lang='grc' dir='ltr'>ΙΙ,</span> <span class='ocrx_word' id='word_1_109' title='bbox 916 1693 1053 1764; x_wconf 79' lang='lat' dir='ltr'>Sinique</span> <span class='ocrx_word' id='word_1_110' title='bbox 1081 1693 1109 1748; x_wconf 88' lang='lat' dir='ltr'>le</span> <span class='ocrx_word' id='word_1_111' title='bbox 1135 1692 1221 1762; x_wconf 82' lang='lat' dir='ltr'>place</span> <span class='ocrx_word' id='word_1_112' title='bbox 1245 1689 1432 1746; x_wconf 77' lang='lat' dir='ltr'>immediate</span> <span class='ocrx_word' id='word_1_113' title='bbox 1460 1713 1469 1728; x_wconf 92' lang='lat'><strong>·</strong></span> 
     </span>
    </p>

    <p class='ocr_par' dir='ltr' id='par_1_6' title="bbox 916 1761 1430 1836">
     <span class='ocr_line' id='line_1_16' title="bbox 916 1761 1430 1836; baseline -0.01 -17"><span class='ocrx_word' id='word_1_114' title='bbox 916 1767 1001 1820; x_wconf 87' lang='lat' dir='ltr'>ment</span> <span class='ocrx_word' id='word_1_115' title='bbox 1016 1765 1103 1836; x_wconf 77' lang='lat' dir='ltr'>apres</span> <span class='ocrx_word' id='word_1_116' title='bbox 1114 1763 1239 1818; x_wconf 82' lang='lat' dir='ltr'>Ciceron</span> <span class='ocrx_word' id='word_1_117' title='bbox 1251 1778 1260 1832; x_wconf 91' lang='lat'>;</span> <span class='ocrx_word' id='word_1_118' title='bbox 1272 1762 1310 1817; x_wconf 86' lang='lat' dir='ltr'>cf.</span> <span class='ocrx_word' id='word_1_119' title='bbox 1327 1761 1430 1828; x_wconf 88' lang='lat' dir='ltr'>Quint.</span> 
     </span>
    </p>

    <p class='ocr_par' dir='ltr' id='par_1_7' title="bbox 390 1832 1433 1909">
     <span class='ocr_line' id='line_1_17' title="bbox 390 1832 1433 1909; baseline -0.001 -21"><span class='ocrx_word' id='word_1_120' title='bbox 390 1837 428 1889; x_wconf 84' lang='lat' dir='ltr'>Se</span> <span class='ocrx_word' id='word_1_121' title='bbox 457 1832 648 1901; x_wconf 82' lang='lat' dir='ltr'>prefecisse.</span> <span class='ocrx_word' id='word_1_122' title='bbox 692 1832 780 1889; x_wconf 80' lang='lat' dir='ltr'>Imite</span> <span class='ocrx_word' id='word_1_123' title='bbox 813 1849 870 1906; x_wconf 86' lang='lat' dir='ltr'>par</span> <span class='ocrx_word' id='word_1_124' title='bbox 916 1836 987 1909; x_wconf 84' lang='lat' dir='ltr'>plus</span> <span class='ocrx_word' id='word_1_125' title='bbox 1014 1836 1081 1902; x_wconf 80' lang='lat' dir='ltr'>bes,</span> <span class='ocrx_word' id='word_1_126' title='bbox 1110 1835 1138 1901; x_wconf 75' lang='lat'>2,</span> <span class='ocrx_word' id='word_1_127' title='bbox 1168 1836 1226 1889; x_wconf 82' lang='lat'>17:</span> <span class='ocrx_word' id='word_1_128' title='bbox 1259 1835 1370 1888; x_wconf 76' lang='lat' dir='ltr'>tristes</span> <span class='ocrx_word' id='word_1_129' title='bbox 1394 1847 1433 1887; x_wconf 91' lang='lat' dir='ltr'>ac</span> 
     </span>
    </p>

    <p class='ocr_par' dir='ltr' id='par_1_8' title="bbox 353 1903 1432 2044">
     <span class='ocr_line' id='line_1_18' title="bbox 353 1903 1432 1976; baseline -0.005 -14"><span class='ocrx_word' id='word_1_130' title='bbox 353 1905 481 1962; x_wconf 87' lang='lat' dir='ltr'>Boileeu</span> <span class='ocrx_word' id='word_1_131' title='bbox 520 1903 644 1975; x_wconf 84' lang='lat' dir='ltr'>perlani</span> <span class='ocrx_word' id='word_1_132' title='bbox 682 1904 868 1976; x_wconf 77' lang='lat' dir='ltr'>d’Honrere3</span> <span class='ocrx_word' id='word_1_133' title='bbox 911 1909 1025 1976; x_wconf 68' lang='lat' dir='ltr'>ieiuni</span> <span class='ocrx_word' id='word_1_134' title='bbox 1054 1909 1236 1962; x_wconf 87' lang='lat' dir='ltr'>Pollionem</span> <span class='ocrx_word' id='word_1_135' title='bbox 1261 1906 1432 1960; x_wconf 87' lang='lat' dir='ltr'>aemulan-</span> 
     </span>
     <span class='ocr_line' id='line_1_19' title="bbox 354 1974 984 2044; baseline 0.003 -13"><span class='ocrx_word' id='word_1_136' title='bbox 354 1981 415 2032; x_wconf 79' lang='lat' dir='ltr'>Art</span> <span class='ocrx_word' id='word_1_137' title='bbox 425 1978 509 2044; x_wconf 77' lang='lat' dir='ltr'>poet.</span> <span class='ocrx_word' id='word_1_138' title='bbox 526 1974 581 2042; x_wconf 91' lang='lat' dir='ltr'>III,</span> <span class='ocrx_word' id='word_1_139' title='bbox 596 1975 668 2030; x_wconf 89' lang='lat'>308:</span> <span class='ocrx_word' id='word_1_140' title='bbox 685 1978 763 2031; x_wconf 83' lang='lat' dir='ltr'>C’esi</span> <span class='ocrx_word' id='word_1_141' title='bbox 776 1977 870 2031; x_wconf 82' lang='lat' dir='ltr'>avoir</span> <span class='ocrx_word' id='word_1_142' title='bbox 920 1984 984 2033; x_wconf 82' lang='lat' dir='ltr'>tur.</span> 
     </span>
    </p>
   </div>
   <div class='ocr_carea' id='block_1_5' title="bbox 349 2048 1428 2150">
    <p class='ocr_par' dir='ltr' id='par_1_9' title="bbox 349 2048 1428 2150">
     <span class='ocr_line' id='line_1_20' title="bbox 349 2048 1428 2150; baseline 0.018 -49"><span class='ocrx_word' id='word_1_143' title='bbox 349 2048 869 2119; x_wconf 79' lang='lat' dir='ltr'>profitepueaesaaoirs’ppiaire.</span> <span class='ocrx_word' id='word_1_144' title='bbox 955 2085 1089 2138; x_wconf 58' lang='lat' dir='ltr'><em>Saeculo</em></span> <span class='ocrx_word' id='word_1_145' title='bbox 1121 2084 1227 2150; x_wconf 41' lang='lat' dir='ltr'>prior·</span> <span class='ocrx_word' id='word_1_146' title='bbox 1265 2080 1313 2137; x_wconf 56' lang='lat' dir='ltr'>Cf,</span> <span class='ocrx_word' id='word_1_147' title='bbox 1350 2080 1428 2135; x_wconf 74' lang='lat' dir='ltr'>Tne.</span> 
     </span>
    </p>
   </div>
   <div class='ocr_carea' id='block_1_6' title="bbox 390 2117 1432 2221">
    <p class='ocr_par' dir='ltr' id='par_1_10' title="bbox 390 2117 1432 2221">
     <span class='ocr_line' id='line_1_21' title="bbox 390 2117 1432 2221; baseline 0.028 -35"><span class='ocrx_word' id='word_1_148' title='bbox 390 2119 452 2174; x_wconf 76' lang='lat'><strong>113·</strong></span> <span class='ocrx_word' id='word_1_149' title='bbox 478 2117 582 2183; x_wconf 65' lang='lat' dir='ltr'>Quml·</span> <span class='ocrx_word' id='word_1_150' title='bbox 607 2119 657 2173; x_wconf 64' lang='lat' dir='ltr'>n&#39;a</span> <span class='ocrx_word' id='word_1_151' title='bbox 684 2118 741 2173; x_wconf 39' lang='lat' dir='ltr'>Cili</span> <span class='ocrx_word' id='word_1_152' title='bbox 769 2133 871 2172; x_wconf 64' lang='lat' dir='ltr'>aucun</span> <span class='ocrx_word' id='word_1_153' title='bbox 918 2155 1003 2209; x_wconf 84' lang='lat' dir='ltr'>Dial.</span> <span class='ocrx_word' id='word_1_154' title='bbox 1039 2154 1093 2209; x_wconf 79' lang='lat'>21:</span> <span class='ocrx_word' id='word_1_155' title='bbox 1132 2155 1268 2209; x_wconf 81' lang='lat' dir='ltr'>Asinius</span> <span class='ocrx_word' id='word_1_156' title='bbox 1297 2165 1432 2221; x_wconf 67' lang='lat' dir='ltr'>quoque,</span> 
     </span>
    </p>
   </div>
   <div class='ocr_carea' id='block_1_7' title="bbox 356 2188 1435 2366">
    <p class='ocr_par' dir='ltr' id='par_1_11' title="bbox 356 2188 1435 2366">
     <span class='ocr_line' id='line_1_22' title="bbox 396 2188 1281 2244; baseline -0.001 0"><span class='ocrx_word' id='word_1_157' title='bbox 396 2193 569 2244; x_wconf 83' lang='lat' dir='ltr'>sorateurs</span> <span class='ocrx_word' id='word_1_158' title='bbox 593 2188 687 2243; x_wconf 83' lang='lat' dir='ltr'>latins</span> <span class='ocrx_word' id='word_1_159' title='bbox 763 2190 769 2204; x_wconf 94' lang='lat'><em>&#39;</em></span> <span class='ocrx_word' id='word_1_160' title='bbox 792 2190 797 2202; x_wconf 89' lang='lat'>&#39;</span> <span class='ocrx_word' id='word_1_161' title='bbox 819 2205 871 2243; x_wconf 85' lang='lat' dir='ltr'>urs</span> <span class='ocrx_word' id='word_1_162' title='bbox 1224 2227 1229 2236; x_wconf 86' lang='lat'><em>·</em></span> <span class='ocrx_word' id='word_1_163' title='bbox 1277 2227 1281 2236; x_wconf 87' lang='lat'>-</span> 
     </span>
     <span class='ocr_line' id='line_1_23' title="bbox 356 2189 1435 2332; baseline -0.008 -17"><span class='ocrx_word' id='word_1_164' title='bbox 356 2189 527 2326; x_wconf 62' lang='lat' dir='ltr'>leciceron,</span> <span class='ocrx_word' id='word_1_165' title='bbox 547 2275 625 2328; x_wconf 89' lang='lat' dir='ltr'>pour</span> <span class='ocrx_word' id='word_1_166' title='bbox 640 2275 678 2315; x_wconf 88' lang='lat' dir='ltr'>ne</span> <span class='ocrx_word' id='word_1_167' title='bbox 693 2194 872 2332; x_wconf 52' lang='lat' dir='ltr'>{lellstlllsllaire</span> <span class='ocrx_word' id='word_1_168' title='bbox 920 2240 1122 2308; x_wconf 62' lang='lat' dir='ltr'><em>quamquam</em></span> <span class='ocrx_word' id='word_1_169' title='bbox 1134 2225 1341 2307; x_wconf 55' lang='lat' dir='ltr'>mmm?</span> <span class='ocrx_word' id='word_1_170' title='bbox 1359 2228 1435 2277; x_wconf 60' lang='lat' dir='ltr'>‘em&#39;</span> 
     </span>
     <span class='ocr_line' id='line_1_24' title="bbox 915 2297 1435 2366; baseline -0.008 -15"><span class='ocrx_word' id='word_1_171' title='bbox 915 2298 1051 2366; x_wconf 83' lang='lat' dir='ltr'>poribus</span> <span class='ocrx_word' id='word_1_172' title='bbox 1080 2302 1180 2351; x_wconf 85' lang='lat' dir='ltr'>natus</span> <span class='ocrx_word' id='word_1_173' title='bbox 1208 2301 1272 2361; x_wconf 86' lang='lat' dir='ltr'>sit,</span> <span class='ocrx_word' id='word_1_174' title='bbox 1302 2297 1435 2349; x_wconf 81' lang='lat' dir='ltr'>videtur</span> 
     </span>
    </p>
   </div>
   <div class='ocr_carea' id='block_1_8' title="bbox 357 2331 1436 2506">
    <p class='ocr_par' dir='ltr' id='par_1_12' title="bbox 357 2331 1436 2506">
     <span class='ocr_line' id='line_1_25' title="bbox 428 2332 1272 2385; baseline -0.006 -1"><span class='ocrx_word' id='word_1_175' title='bbox 428 2335 536 2385; x_wconf 83' lang='lat' dir='ltr'>ruiu.</span> <span class='ocrx_word' id='word_1_176' title='bbox 705 2332 711 2343; x_wconf 91' lang='lat'>&#39;</span> <span class='ocrx_word' id='word_1_177' title='bbox 962 2370 967 2381; x_wconf 93' lang='lat'>.</span> <span class='ocrx_word' id='word_1_178' title='bbox 998 2369 1003 2380; x_wconf 94' lang='lat'>.</span> <span class='ocrx_word' id='word_1_179' title='bbox 1035 2369 1040 2380; x_wconf 93' lang='lat'>.</span> <span class='ocrx_word' id='word_1_180' title='bbox 1267 2369 1272 2379; x_wconf 94' lang='lat'>.</span> 
     </span>
     <span class='ocr_line' id='line_1_26' title="bbox 357 2331 1436 2468; baseline -0.01 -9"><span class='ocrx_word' id='word_1_181' title='bbox 357 2331 599 2468; x_wconf 57' lang='lat' dir='ltr'>lgsBsuirelntlllll</span> <span class='ocrx_word' id='word_1_182' title='bbox 615 2347 647 2457; x_wconf 70' lang='lat' dir='ltr'>ll</span> <span class='ocrx_word' id='word_1_183' title='bbox 661 2347 874 2458; x_wconf 56' lang='lat' dir='ltr'>(llllrlrlllllrllg</span> <span class='ocrx_word' id='word_1_184' title='bbox 921 2369 1004 2422; x_wconf 56' lang='lat' dir='ltr'>mm</span> <span class='ocrx_word' id='word_1_185' title='bbox 1028 2373 1119 2423; x_wconf 60' lang='lat' dir='ltr'>mler</span> <span class='ocrx_word' id='word_1_186' title='bbox 1140 2370 1307 2451; x_wconf 58' lang='lat' dir='ltr'><strong><em>mmm-⁰⁸</em></strong></span> <span class='ocrx_word' id='word_1_187' title='bbox 1332 2368 1436 2447; x_wconf 49' lang='grc' dir='ltr'>ΜΡ·</span> 
     </span>
     <span class='ocr_line' id='line_1_27' title="bbox 975 2441 1436 2506; baseline -0.011 -12"><span class='ocrx_word' id='word_1_188' title='bbox 975 2456 989 2494; x_wconf 88' lang='lat' dir='ltr'>s</span> <span class='ocrx_word' id='word_1_189' title='bbox 1034 2442 1212 2506; x_wconf 78' lang='lat' dir='ltr'>studuisse,</span> <span class='ocrx_word' id='word_1_190' title='bbox 1252 2441 1436 2493; x_wconf 78' lang='lat' dir='ltr'>Pacuvium</span> 
     </span>
    </p>
   </div>
   <div class='ocr_carea' id='block_1_9' title="bbox 358 2455 1439 3110">
    <p class='ocr_par' dir='ltr' id='par_1_13' title="bbox 358 2455 1439 3110">
     <span class='ocr_line' id='line_1_28' title="bbox 565 2455 973 2494; baseline -0.002 0"><span class='ocrx_word' id='word_1_191' title='bbox 565 2473 571 2484; x_wconf 87' lang='lat'><strong>·</strong></span> <span class='ocrx_word' id='word_1_192' title='bbox 814 2475 819 2487; x_wconf 83' lang='lat'>·</span> <span class='ocrx_word' id='word_1_193' title='bbox 853 2474 858 2488; x_wconf 81' lang='lat'><em>-</em></span> <span class='ocrx_word' id='word_1_194' title='bbox 942 2455 973 2494; x_wconf 81' lang='lat' dir='ltr'>eo</span> 
     </span>
     <span class='ocr_line' id='line_1_29' title="bbox 358 2456 1436 2617; baseline -0.005 -52"><span class='ocrx_word' id='word_1_195' title='bbox 358 2472 874 2617; x_wconf 46' lang='lat' dir='ltr'>{Ippffiggggffiptjtgggps</span> <span class='ocrx_word' id='word_1_196' title='bbox 916 2456 1006 2566; x_wconf 71' lang='lat' dir='ltr'>iau</span> <span class='ocrx_word' id='word_1_197' title='bbox 1031 2515 1062 2565; x_wconf 69' lang='lat' dir='ltr'>a</span> <span class='ocrx_word' id='word_1_198' title='bbox 1084 2512 1212 2564; x_wconf 82' lang='lat' dir='ltr'>Attium</span> <span class='ocrx_word' id='word_1_199' title='bbox 1236 2525 1300 2564; x_wconf 70' lang='lat' dir='ltr'>ia</span> <span class='ocrx_word' id='word_1_200' title='bbox 1329 2510 1436 2563; x_wconf 66' lang='lat' dir='ltr'>cam</span> 
     </span>
     <span class='ocr_line' id='line_1_30' title="bbox 360 2617 874 2686; baseline 0 -16"><span class='ocrx_word' id='word_1_201' title='bbox 360 2617 526 2684; x_wconf 81' lang='lat' dir='ltr'>Quidquid</span> <span class='ocrx_word' id='word_1_202' title='bbox 546 2618 695 2671; x_wconf 86' lang='lat' dir='ltr'>Romana</span> <span class='ocrx_word' id='word_1_203' title='bbox 710 2617 874 2686; x_wconf 75' lang='lat' dir='ltr'>facundia</span> 
     </span>
     <span class='ocr_line' id='line_1_31' title="bbox 360 2688 874 2755; baseline 0.004 -15"><span class='ocrx_word' id='word_1_204' title='bbox 360 2688 464 2750; x_wconf 81' lang='lat' dir='ltr'>habet,</span> <span class='ocrx_word' id='word_1_205' title='bbox 487 2689 572 2755; x_wconf 80' lang='lat' dir='ltr'>quod</span> <span class='ocrx_word' id='word_1_206' title='bbox 594 2689 752 2742; x_wconf 83' lang='lat' dir='ltr'>insolenti</span> <span class='ocrx_word' id='word_1_207' title='bbox 778 2690 874 2743; x_wconf 85' lang='lat' dir='ltr'>Grae-</span> 
     </span>
     <span class='ocr_line' id='line_1_32' title="bbox 359 2759 875 2841; baseline -0.004 -27"><span class='ocrx_word' id='word_1_208' title='bbox 359 2759 429 2814; x_wconf 89' lang='lat' dir='ltr'>ciae</span> <span class='ocrx_word' id='word_1_209' title='bbox 458 2762 518 2841; x_wconf 78' lang='lat' dir='ltr'>aut</span> <span class='ocrx_word' id='word_1_210' title='bbox 541 2763 681 2841; x_wconf 83' lang='lat' dir='ltr'>opponat</span> <span class='ocrx_word' id='word_1_211' title='bbox 702 2763 761 2812; x_wconf 88' lang='lat' dir='ltr'>ant</span> <span class='ocrx_word' id='word_1_212' title='bbox 779 2773 875 2827; x_wconf 87' lang='lat' dir='ltr'>prae-</span> 
     </span>
     <span class='ocr_line' id='line_1_33' title="bbox 360 2830 1438 2970; baseline -0.006 -16"><span class='ocrx_word' id='word_1_213' title='bbox 360 2831 459 2955; x_wconf 74' lang='lat' dir='ltr'>tat</span> <span class='ocrx_word' id='word_1_214' title='bbox 475 2831 773 2970; x_wconf 64' lang='lat' dir='ltr'>tintinna</span> <span class='ocrx_word' id='word_1_215' title='bbox 788 2830 876 2970; x_wconf 70' lang='lat' dir='ltr'>itt</span> <span class='ocrx_word' id='word_1_216' title='bbox 920 2867 1073 2952; x_wconf 61' lang='lat' dir='ltr'>testreet</span> <span class='ocrx_word' id='word_1_217' title='bbox 1101 2867 1119 2949; x_wconf 71' lang='lat' dir='ltr'>t</span> <span class='ocrx_word' id='word_1_218' title='bbox 1147 2867 1235 2938; x_wconf 69' lang='lat' dir='ltr'>peine</span> <span class='ocrx_word' id='word_1_219' title='bbox 1255 2865 1298 2949; x_wconf 68' lang='lat' dir='ltr'>ss</span> <span class='ocrx_word' id='word_1_220' title='bbox 1323 2863 1438 2950; x_wconf 64' lang='lat' dir='ltr'>stut-</span> 
     </span>
     <span class='ocr_line' id='line_1_34' title="bbox 363 2936 1439 3064; baseline -0.002 -38"><span class='ocrx_word' id='word_1_221' title='bbox 363 2940 467 3027; x_wconf 73' lang='lat' dir='ltr'>lucelli</span> <span class='ocrx_word' id='word_1_222' title='bbox 482 2974 606 3026; x_wconf 83' lang='lat' dir='ltr'>studiis</span> <span class='ocrx_word' id='word_1_223' title='bbox 622 2973 744 3027; x_wconf 87' lang='lat' dir='ltr'>nostris</span> <span class='ocrx_word' id='word_1_224' title='bbox 757 2975 876 3026; x_wconf 88' lang='lat' dir='ltr'>attule—</span> <span class='ocrx_word' id='word_1_225' title='bbox 923 2937 1174 3064; x_wconf 47' lang='lat' dir='ltr'>{ffinffielxlgnll’</span> <span class='ocrx_word' id='word_1_226' title='bbox 1187 2953 1280 3020; x_wconf 38' lang='lat' dir='ltr'>&#39;mam</span> <span class='ocrx_word' id='word_1_227' title='bbox 1309 2936 1439 3045; x_wconf 49' lang='lat' dir='ltr'><strong>dem-J</strong></span> 
     </span>
     <span class='ocr_line' id='line_1_35' title="bbox 360 3008 1428 3110; baseline -0.001 -12"><span class='ocrx_word' id='word_1_228' title='bbox 360 3048 453 3110; x_wconf 84' lang='lat' dir='ltr'>runt,</span> <span class='ocrx_word' id='word_1_229' title='bbox 482 3047 560 3098; x_wconf 87' lang='lat' dir='ltr'>tanc</span> <span class='ocrx_word' id='word_1_230' title='bbox 591 3048 673 3098; x_wconf 86' lang='lat' dir='ltr'>nata</span> <span class='ocrx_word' id='word_1_231' title='bbox 702 3049 792 3098; x_wconf 90' lang='lat' dir='ltr'>sunt.</span> <span class='ocrx_word' id='word_1_232' title='bbox 831 3043 876 3098; x_wconf 90' lang='lat' dir='ltr'>De</span> <span class='ocrx_word' id='word_1_233' title='bbox 1100 3011 1237 3080; x_wconf 58' lang='lat' dir='ltr'>geram</span> <span class='ocrx_word' id='word_1_234' title='bbox 1267 3008 1428 3078; x_wconf 78' lang='lat' dir='ltr'>systeman</span> 
     </span>
    </p>
   </div>
   <div class='ocr_carea' id='block_1_10' title="bbox 361 3079 1440 3185">
    <p class='ocr_par' dir='ltr' id='par_1_14' title="bbox 361 3079 1440 3185">
     <span class='ocr_line' id='line_1_36' title="bbox 361 3079 1440 3185; baseline -0.019 -16"><span class='ocrx_word' id='word_1_235' title='bbox 361 3119 460 3169; x_wconf 73' lang='lat' dir='ltr'>meme</span> <span class='ocrx_word' id='word_1_236' title='bbox 482 3113 614 3169; x_wconf 67' lang='lat' dir='ltr'>venons</span> <span class='ocrx_word' id='word_1_237' title='bbox 636 3114 721 3179; x_wconf 84' lang='lat'>1.17‚</span> <span class='ocrx_word' id='word_1_238' title='bbox 738 3115 874 3185; x_wconf 74' lang='lat' dir='ltr'>osque:</span> <span class='ocrx_word' id='word_1_239' title='bbox 924 3095 983 3152; x_wconf 79' lang='lat' dir='ltr'>que</span> <span class='ocrx_word' id='word_1_240' title='bbox 998 3080 1118 3152; x_wconf 64' lang='lat' dir='ltr'>d&#39;Aper·</span> <span class='ocrx_word' id='word_1_241' title='bbox 1135 3079 1440 3152; x_wconf 70' lang='lat' dir='ltr'>senequelepsreesi</span> 
     </span>
    </p>
   </div>
   <div class='ocr_carea' id='block_1_11' title="bbox 362 3151 1439 3254">
    <p class='ocr_par' dir='ltr' id='par_1_15' title="bbox 362 3151 1439 3254">
     <span class='ocr_line' id='line_1_37' title="bbox 362 3151 1439 3254; baseline -0.024 -26"><span class='ocrx_word' id='word_1_242' title='bbox 362 3187 452 3251; x_wconf 67' lang='lat' dir='ltr'>(ame</span> <span class='ocrx_word' id='word_1_243' title='bbox 468 3188 555 3254; x_wconf 62' lang='lat' dir='ltr'>eum)</span> <span class='ocrx_word' id='word_1_244' title='bbox 578 3186 737 3241; x_wconf 57' lang='lat' dir='ltr'><em>delectam·</em></span> <span class='ocrx_word' id='word_1_245' title='bbox 749 3187 878 3253; x_wconf 46' lang='lat' dir='ltr'>paucis,</span> <span class='ocrx_word' id='word_1_246' title='bbox 925 3151 1095 3222; x_wconf 78' lang='lat' dir='ltr'>egelement</span> <span class='ocrx_word' id='word_1_247' title='bbox 1119 3152 1179 3206; x_wconf 80' lang='lat' dir='ltr'>tres</span> <span class='ocrx_word' id='word_1_248' title='bbox 1204 3151 1262 3205; x_wconf 87' lang='lat' dir='ltr'>dur</span> <span class='ocrx_word' id='word_1_249' title='bbox 1284 3164 1362 3221; x_wconf 91' lang='lat' dir='ltr'>pour</span> <span class='ocrx_word' id='word_1_250' title='bbox 1383 3164 1439 3203; x_wconf 83' lang='lat' dir='ltr'>son</span> 
     </span>
    </p>
   </div>
   <div class='ocr_carea' id='block_1_12' title="bbox 363 3220 1438 3360">
    <p class='ocr_par' dir='ltr' id='par_1_16' title="bbox 363 3220 1438 3360">
     <span class='ocr_line' id='line_1_38' title="bbox 363 3220 1438 3351; baseline -0.021 -39"><span class='ocrx_word' id='word_1_251' title='bbox 363 3257 470 3323; x_wconf 83' lang='lat' dir='ltr'>simis,</span> <span class='ocrx_word' id='word_1_252' title='bbox 487 3258 607 3310; x_wconf 81' lang='lat' dir='ltr'>mirari</span> <span class='ocrx_word' id='word_1_253' title='bbox 623 3271 697 3312; x_wconf 81' lang='lat' dir='ltr'>vero</span> <span class='ocrx_word' id='word_1_254' title='bbox 711 3259 878 3311; x_wconf 87' lang='lat' dir='ltr'>neminem</span> <span class='ocrx_word' id='word_1_255' title='bbox 925 3222 1172 3351; x_wconf 44' lang='grc' dir='ltr'>ξᾶῗὲπῆᾶξέἃ</span> <span class='ocrx_word' id='word_1_256' title='bbox 1198 3222 1311 3278; x_wconf 64' lang='lat' dir='ltr'>GUOsfss</span> <span class='ocrx_word' id='word_1_257' title='bbox 1340 3220 1438 3276; x_wconf 70' lang='lat' dir='ltr'>⁰1V110·</span> 
     </span>
     <span class='ocr_line' id='line_1_39' title="bbox 1015 3335 1149 3360; baseline -0.037 -13"><span class='ocrx_word' id='word_1_258' title='bbox 1015 3335 1020 3347; x_wconf 94' lang='lat'>.</span> <span class='ocrx_word' id='word_1_259' title='bbox 1081 3336 1089 3360; x_wconf 91' lang='lat'><strong><em>,</em></strong></span> <span class='ocrx_word' id='word_1_260' title='bbox 1143 3335 1149 3348; x_wconf 84' lang='lat'><em>,</em></span> 
     </span>
    </p>
   </div>
   <div class='ocr_carea' id='block_1_13' title="bbox 360 3329 1446 4392">
    <p class='ocr_par' dir='ltr' id='par_1_17' title="bbox 360 3329 1446 4392">
     <span class='ocr_line' id='line_1_40' title="bbox 360 3329 878 3396; baseline 0.002 -15"><span class='ocrx_word' id='word_1_261' title='bbox 360 3330 468 3396; x_wconf 91' lang='lat' dir='ltr'>possis</span> <span class='ocrx_word' id='word_1_262' title='bbox 483 3329 550 3382; x_wconf 90' lang='lat' dir='ltr'>nisi</span> <span class='ocrx_word' id='word_1_263' title='bbox 563 3332 624 3382; x_wconf 89' lang='lat' dir='ltr'>aut</span> <span class='ocrx_word' id='word_1_264' title='bbox 638 3329 678 3383; x_wconf 82' lang='lat' dir='ltr'>ab</span> <span class='ocrx_word' id='word_1_265' title='bbox 697 3329 755 3382; x_wconf 91' lang='lat' dir='ltr'>illo</span> <span class='ocrx_word' id='word_1_266' title='bbox 770 3330 878 3383; x_wconf 86' lang='lat' dir='ltr'>visum</span> 
     </span>
     <span class='ocr_line' id='line_1_41' title="bbox 363 3395 1441 3471; baseline -0.002 -19"><span class='ocrx_word' id='word_1_267' title='bbox 363 3401 425 3452; x_wconf 87' lang='lat' dir='ltr'>aut</span> <span class='ocrx_word' id='word_1_268' title='bbox 452 3400 510 3465; x_wconf 81' lang='lat' dir='ltr'>qui</span> <span class='ocrx_word' id='word_1_269' title='bbox 539 3400 637 3452; x_wconf 90' lang='lat' dir='ltr'>illum</span> <span class='ocrx_word' id='word_1_270' title='bbox 665 3401 796 3454; x_wconf 83' lang='lat' dir='ltr'>viderit.</span> <span class='ocrx_word' id='word_1_271' title='bbox 823 3399 874 3454; x_wconf 83' lang='lat' dir='ltr'>Cf.</span> <span class='ocrx_word' id='word_1_272' title='bbox 961 3401 1114 3455; x_wconf 84' lang='lat' dir='ltr'>Messala.</span> <span class='ocrx_word' id='word_1_273' title='bbox 1138 3399 1186 3454; x_wconf 76' lang='lat' dir='ltr'>cf.</span> <span class='ocrx_word' id='word_1_274' title='bbox 1209 3397 1279 3471; x_wconf 87' lang='lat' dir='ltr'>plus</span> <span class='ocrx_word' id='word_1_275' title='bbox 1304 3395 1441 3463; x_wconf 77' lang='lat' dir='ltr'>haul‚22</span> 
     </span>
     <span class='ocr_line' id='line_1_42' title="bbox 365 3467 1440 3538; baseline -0.001 -15"><span class='ocrx_word' id='word_1_276' title='bbox 365 3468 441 3523; x_wconf 80' lang='lat' dir='ltr'>Tne.</span> <span class='ocrx_word' id='word_1_277' title='bbox 464 3468 550 3522; x_wconf 90' lang='lat' dir='ltr'>Dial.</span> <span class='ocrx_word' id='word_1_278' title='bbox 579 3469 625 3524; x_wconf 75' lang='lat'>25.</span> <span class='ocrx_word' id='word_1_279' title='bbox 653 3470 757 3535; x_wconf 88' lang='lat' dir='ltr'>Quint.</span> <span class='ocrx_word' id='word_1_280' title='bbox 787 3486 805 3524; x_wconf 83' lang='lat' dir='ltr'>e</span> <span class='ocrx_word' id='word_1_281' title='bbox 833 3470 879 3525; x_wconf 78' lang='lat' dir='ltr'>ete</span> <span class='ocrx_word' id='word_1_282' title='bbox 927 3471 957 3525; x_wconf 88' lang='lat' dir='ltr'>el</span> <span class='ocrx_word' id='word_1_283' title='bbox 970 3469 1001 3525; x_wconf 84' lang='lat' dir='ltr'>la</span> <span class='ocrx_word' id='word_1_284' title='bbox 1015 3474 1095 3526; x_wconf 90' lang='lat' dir='ltr'>note.</span> <span class='ocrx_word' id='word_1_285' title='bbox 1112 3470 1176 3538; x_wconf 59' lang='lat' dir='ltr'>(iic.</span> <span class='ocrx_word' id='word_1_286' title='bbox 1192 3473 1237 3525; x_wconf 78' lang='lat' dir='ltr'>act</span> <span class='ocrx_word' id='word_1_287' title='bbox 1253 3472 1346 3524; x_wconf 86' lang='lat' dir='ltr'>Brut.</span> <span class='ocrx_word' id='word_1_288' title='bbox 1359 3467 1440 3534; x_wconf 82' lang='lat'>1,15,</span> 
     </span>
     <span class='ocr_line' id='line_1_43' title="bbox 366 3539 1443 3611; baseline -0.001 -17"><span class='ocrx_word' id='word_1_289' title='bbox 366 3539 466 3594; x_wconf 90' lang='lat' dir='ltr'>moins</span> <span class='ocrx_word' id='word_1_290' title='bbox 490 3539 653 3609; x_wconf 80' lang='lat' dir='ltr'>rigonreux</span> <span class='ocrx_word' id='word_1_291' title='bbox 677 3543 707 3595; x_wconf 85' lang='lat' dir='ltr'>ot</span> <span class='ocrx_word' id='word_1_292' title='bbox 735 3541 820 3596; x_wconf 82' lang='lat' dir='ltr'>aussi</span> <span class='ocrx_word' id='word_1_293' title='bbox 843 3541 880 3596; x_wconf 91' lang='lat' dir='ltr'>de</span> <span class='ocrx_word' id='word_1_294' title='bbox 927 3543 954 3607; x_wconf 89' lang='lat' dir='ltr'>l,</span> <span class='ocrx_word' id='word_1_295' title='bbox 993 3543 1174 3597; x_wconf 78' lang='lat' dir='ltr'>enumerant</span> <span class='ocrx_word' id='word_1_296' title='bbox 1224 3557 1272 3596; x_wconf 81' lang='lat' dir='ltr'>ses</span> <span class='ocrx_word' id='word_1_297' title='bbox 1310 3539 1443 3611; x_wconf 77' lang='lat' dir='ltr'>qualites</span> 
     </span>
     <span class='ocr_line' id='line_1_44' title="bbox 366 3609 1443 3684; baseline -0.001 -19"><span class='ocrx_word' id='word_1_298' title='bbox 366 3609 467 3665; x_wconf 83' lang='lat' dir='ltr'>moins</span> <span class='ocrx_word' id='word_1_299' title='bbox 480 3609 542 3664; x_wconf 89' lang='lat' dir='ltr'>hon</span> <span class='ocrx_word' id='word_1_300' title='bbox 554 3610 723 3681; x_wconf 80' lang='lat' dir='ltr'>jugement.</span> <span class='ocrx_word' id='word_1_301' title='bbox 890 3633 893 3640; x_wconf 62' lang='grc'>’</span> <span class='ocrx_word' id='word_1_302' title='bbox 928 3612 1090 3679; x_wconf 85' lang='lat' dir='ltr'>d&#39;homme‚</span> <span class='ocrx_word' id='word_1_303' title='bbox 1105 3613 1223 3684; x_wconf 84' lang='lat' dir='ltr'>ajoule:</span> <span class='ocrx_word' id='word_1_304' title='bbox 1247 3613 1282 3666; x_wconf 86' lang='lat' dir='ltr'>Ut</span> <span class='ocrx_word' id='word_1_305' title='bbox 1296 3614 1443 3680; x_wconf 83' lang='lat' dir='ltr'>eloquen-</span> 
     </span>
     <span class='ocr_line' id='line_1_45' title="bbox 401 3681 1441 3756; baseline -0.003 -19"><span class='ocrx_word' id='word_1_306' title='bbox 401 3682 539 3737; x_wconf 82' lang='lat' dir='ltr'>Asinius</span> <span class='ocrx_word' id='word_1_307' title='bbox 567 3682 707 3736; x_wconf 88' lang='lat' dir='ltr'>Pollion.</span> <span class='ocrx_word' id='word_1_308' title='bbox 734 3681 782 3738; x_wconf 84' lang='lat' dir='ltr'>Cf.</span> <span class='ocrx_word' id='word_1_309' title='bbox 811 3682 881 3756; x_wconf 86' lang='lat' dir='ltr'>plus</span> <span class='ocrx_word' id='word_1_310' title='bbox 931 3686 989 3751; x_wconf 84' lang='lat' dir='ltr'>tia,</span> <span class='ocrx_word' id='word_1_311' title='bbox 1006 3699 1072 3753; x_wconf 83' lang='lat' dir='ltr'>qua</span> <span class='ocrx_word' id='word_1_312' title='bbox 1088 3685 1286 3739; x_wconf 82' lang='lat' dir='ltr'>mirabiliter</span> <span class='ocrx_word' id='word_1_313' title='bbox 1300 3683 1441 3747; x_wconf 79' lang='lat' dir='ltr'>caecilii,</span> 
     </span>
     <span class='ocr_line' id='line_1_46' title="bbox 368 3752 1444 3825; baseline 0.001 -19"><span class='ocrx_word' id='word_1_314' title='bbox 368 3752 455 3819; x_wconf 84' lang='lat' dir='ltr'>haut,</span> <span class='ocrx_word' id='word_1_315' title='bbox 477 3752 513 3807; x_wconf 79' lang='lat'>22</span> <span class='ocrx_word' id='word_1_316' title='bbox 536 3756 567 3807; x_wconf 89' lang='lat' dir='ltr'>et</span> <span class='ocrx_word' id='word_1_317' title='bbox 588 3752 619 3807; x_wconf 87' lang='lat' dir='ltr'>le</span> <span class='ocrx_word' id='word_1_318' title='bbox 642 3757 723 3808; x_wconf 90' lang='lat' dir='ltr'>note.</span> <span class='ocrx_word' id='word_1_319' title='bbox 744 3753 786 3808; x_wconf 89' lang='lat' dir='ltr'>Le</span> <span class='ocrx_word' id='word_1_320' title='bbox 798 3754 882 3825; x_wconf 81' lang='lat' dir='ltr'>juge·</span> <span class='ocrx_word' id='word_1_321' title='bbox 929 3757 987 3810; x_wconf 81' lang='lat' dir='ltr'>viar</span> <span class='ocrx_word' id='word_1_322' title='bbox 1015 3758 1051 3810; x_wconf 88' lang='lat' dir='ltr'>in</span> <span class='ocrx_word' id='word_1_323' title='bbox 1073 3771 1107 3812; x_wconf 90' lang='lat' dir='ltr'>eo</span> <span class='ocrx_word' id='word_1_324' title='bbox 1125 3758 1229 3811; x_wconf 86' lang='lat' dir='ltr'>locum</span> <span class='ocrx_word' id='word_1_325' title='bbox 1244 3758 1288 3810; x_wconf 83' lang='lat' dir='ltr'>ad</span> <span class='ocrx_word' id='word_1_326' title='bbox 1305 3755 1444 3809; x_wconf 84' lang='lat' dir='ltr'>laudan-</span> 
     </span>
     <span class='ocr_line' id='line_1_47' title="bbox 368 3822 1445 3894; baseline -0.002 -16"><span class='ocrx_word' id='word_1_327' title='bbox 368 3829 453 3879; x_wconf 86' lang='lat' dir='ltr'>ment</span> <span class='ocrx_word' id='word_1_328' title='bbox 476 3824 513 3878; x_wconf 89' lang='lat' dir='ltr'>de</span> <span class='ocrx_word' id='word_1_329' title='bbox 536 3824 640 3890; x_wconf 87' lang='lat' dir='ltr'>Quint.</span> <span class='ocrx_word' id='word_1_330' title='bbox 666 3828 712 3880; x_wconf 81' lang='lat' dir='ltr'>est</span> <span class='ocrx_word' id='word_1_331' title='bbox 731 3838 768 3878; x_wconf 90' lang='lat' dir='ltr'>en</span> <span class='ocrx_word' id='word_1_332' title='bbox 783 3826 882 3894; x_wconf 86' lang='lat' dir='ltr'>partie</span> <span class='ocrx_word' id='word_1_333' title='bbox 930 3829 1010 3881; x_wconf 81' lang='lat' dir='ltr'>olum</span> <span class='ocrx_word' id='word_1_334' title='bbox 1034 3828 1150 3882; x_wconf 80' lang='lat' dir='ltr'>habere</span> <span class='ocrx_word' id='word_1_335' title='bbox 1175 3828 1340 3881; x_wconf 82' lang='lat' dir='ltr'>videatur.</span> <span class='ocrx_word' id='word_1_336' title='bbox 1361 3822 1445 3879; x_wconf 91' lang='lat' dir='ltr'>Illui</span> 
     </span>
     <span class='ocr_line' id='line_1_48' title="bbox 368 3895 1444 3968; baseline -0.003 -18"><span class='ocrx_word' id='word_1_337' title='bbox 368 3895 448 3950; x_wconf 77' lang='lat' dir='ltr'>dicte</span> <span class='ocrx_word' id='word_1_338' title='bbox 469 3911 526 3968; x_wconf 86' lang='lat' dir='ltr'>par</span> <span class='ocrx_word' id='word_1_339' title='bbox 548 3896 685 3968; x_wconf 75' lang='lat' dir='ltr'>seneque</span> <span class='ocrx_word' id='word_1_340' title='bbox 708 3895 883 3967; x_wconf 87' lang='lat' dir='ltr'>lephiloso-</span> <span class='ocrx_word' id='word_1_341' title='bbox 930 3901 1041 3968; x_wconf 80' lang='lat' dir='ltr'>prete:</span> <span class='ocrx_word' id='word_1_342' title='bbox 1071 3900 1282 3954; x_wconf 79' lang='lat' dir='ltr'>verissimum</span> <span class='ocrx_word' id='word_1_343' title='bbox 1312 3895 1444 3952; x_wconf 83' lang='lat' dir='ltr'>dicendi</span> 
     </span>
     <span class='ocr_line' id='line_1_49' title="bbox 368 3967 1445 4092; baseline 0 -72"><span class='ocrx_word' id='word_1_344' title='bbox 368 3967 439 4039; x_wconf 88' lang='lat' dir='ltr'>phe,</span> <span class='ocrx_word' id='word_1_345' title='bbox 467 3969 523 4035; x_wconf 81' lang='lat' dir='ltr'>Ep.</span> <span class='ocrx_word' id='word_1_346' title='bbox 547 3967 609 4033; x_wconf 88' lang='lat'>100,</span> <span class='ocrx_word' id='word_1_347' title='bbox 625 3969 661 4023; x_wconf 87' lang='lat'>7:</span> <span class='ocrx_word' id='word_1_348' title='bbox 692 3967 883 4035; x_wconf 82' lang='lat' dir='ltr'>Compositio</span> <span class='ocrx_word' id='word_1_349' title='bbox 930 3983 1044 4037; x_wconf 82' lang='lat' dir='ltr'>penus,</span> <span class='ocrx_word' id='word_1_350' title='bbox 1059 3970 1236 4025; x_wconf 69' lang='lat' dir='ltr'>c&#39;est-ioire</span> <span class='ocrx_word' id='word_1_351' title='bbox 1256 3968 1283 4024; x_wconf 87' lang='lat' dir='ltr'>le</span> <span class='ocrx_word' id='word_1_352' title='bbox 1299 3969 1364 4023; x_wconf 85' lang='lat' dir='ltr'>sien</span> <span class='ocrx_word' id='word_1_353' title='bbox 1375 3981 1445 4092; x_wconf 82' lang='lat' dir='ltr'>lpro-</span> 
     </span>
     <span class='ocr_line' id='line_1_50' title="bbox 370 4039 1445 4110; baseline -0.001 -18"><span class='ocrx_word' id='word_1_354' title='bbox 370 4039 530 4093; x_wconf 87' lang='lat' dir='ltr'>Pollionis</span> <span class='ocrx_word' id='word_1_355' title='bbox 543 4039 653 4094; x_wconf 84' lang='lat' dir='ltr'>Asinii</span> <span class='ocrx_word' id='word_1_356' title='bbox 668 4039 833 4093; x_wconf 80' lang='lat' dir='ltr'>salebrosa</span> <span class='ocrx_word' id='word_1_357' title='bbox 853 4042 884 4092; x_wconf 90' lang='lat' dir='ltr'>et</span> <span class='ocrx_word' id='word_1_358' title='bbox 931 4054 994 4110; x_wconf 80' lang='lat' dir='ltr'>pre,</span> <span class='ocrx_word' id='word_1_359' title='bbox 1010 4041 1094 4094; x_wconf 89' lang='lat' dir='ltr'>entre</span> <span class='ocrx_word' id='word_1_360' title='bbox 1103 4040 1274 4095; x_wconf 83' lang='lat' dir='ltr'>l’atticisme</span> <span class='ocrx_word' id='word_1_361' title='bbox 1285 4039 1374 4096; x_wconf 85' lang='lat' dir='ltr'>deCa</span> <span class='ocrx_word' id='word_1_362' title='bbox 1389 4052 1445 4092; x_wconf 89' lang='lat' dir='ltr'>vus</span> 
     </span>
     <span class='ocr_line' id='line_1_51' title="bbox 371 4109 1445 4190; baseline -0.002 -26"><span class='ocrx_word' id='word_1_363' title='bbox 371 4111 529 4164; x_wconf 74' lang='lat' dir='ltr'>exsiliens</span> <span class='ocrx_word' id='word_1_364' title='bbox 551 4111 652 4164; x_wconf 82' lang='lat' dir='ltr'>elabi</span> <span class='ocrx_word' id='word_1_365' title='bbox 672 4109 810 4164; x_wconf 89' lang='lat' dir='ltr'>minime</span> <span class='ocrx_word' id='word_1_366' title='bbox 833 4124 886 4164; x_wconf 84' lang='lat' dir='ltr'>eac-</span> <span class='ocrx_word' id='word_1_367' title='bbox 932 4115 962 4164; x_wconf 90' lang='lat' dir='ltr'>et</span> <span class='ocrx_word' id='word_1_368' title='bbox 1000 4109 1031 4164; x_wconf 84' lang='lat' dir='ltr'>le</span> <span class='ocrx_word' id='word_1_369' title='bbox 1065 4110 1256 4166; x_wconf 86' lang='lat' dir='ltr'>redondance</span> <span class='ocrx_word' id='word_1_370' title='bbox 1295 4109 1445 4190; x_wconf 78' lang='lat' dir='ltr'>aetatique</span> 
     </span>
     <span class='ocr_line' id='line_1_52' title="bbox 366 4180 1446 4252; baseline -0.002 -18"><span class='ocrx_word' id='word_1_371' title='bbox 366 4185 475 4248; x_wconf 85' lang='lat' dir='ltr'>pectes</span> <span class='ocrx_word' id='word_1_372' title='bbox 519 4182 691 4236; x_wconf 82' lang='lat' dir='ltr'>relictura.</span> <span class='ocrx_word' id='word_1_373' title='bbox 740 4182 885 4250; x_wconf 85' lang='lat' dir='ltr'>Denique</span> <span class='ocrx_word' id='word_1_374' title='bbox 932 4180 1155 4239; x_wconf 82' lang='lat' dir='ltr'>d&#39;Hortensiue.</span> <span class='ocrx_word' id='word_1_375' title='bbox 1188 4180 1216 4236; x_wconf 92' lang='lat' dir='ltr'>ll</span> <span class='ocrx_word' id='word_1_376' title='bbox 1246 4198 1268 4252; x_wconf 92' lang='lat' dir='ltr'><strong>y</strong></span> <span class='ocrx_word' id='word_1_377' title='bbox 1300 4197 1318 4235; x_wconf 85' lang='lat' dir='ltr'>e</span> <span class='ocrx_word' id='word_1_378' title='bbox 1346 4194 1446 4234; x_wconf 76' lang='lat' dir='ltr'>moins</span> 
     </span>
     <span class='ocr_line' id='line_1_53' title="bbox 369 4251 1445 4321; baseline -0.001 -15"><span class='ocrx_word' id='word_1_379' title='bbox 369 4255 483 4307; x_wconf 89' lang='lat' dir='ltr'>omnia</span> <span class='ocrx_word' id='word_1_380' title='bbox 493 4254 582 4321; x_wconf 85' lang='lat' dir='ltr'>apud</span> <span class='ocrx_word' id='word_1_381' title='bbox 595 4254 779 4308; x_wconf 80' lang='lat' dir='ltr'>Ciceronem</span> <span class='ocrx_word' id='word_1_382' title='bbox 797 4253 887 4306; x_wconf 81' lang='lat' dir='ltr'>desi·</span> <span class='ocrx_word' id='word_1_383' title='bbox 933 4251 1191 4310; x_wconf 85' lang='lat' dir='ltr'>d&#39;enthousiasme</span> <span class='ocrx_word' id='word_1_384' title='bbox 1217 4251 1295 4307; x_wconf 85' lang='lat' dir='ltr'>dans</span> <span class='ocrx_word' id='word_1_385' title='bbox 1307 4251 1336 4307; x_wconf 86' lang='lat' dir='ltr'>le</span> <span class='ocrx_word' id='word_1_386' title='bbox 1350 4253 1445 4305; x_wconf 86' lang='lat' dir='ltr'>Brut.</span> 
     </span>
     <span class='ocr_line' id='line_1_54' title="bbox 373 4323 1358 4392; baseline 0.005 -17"><span class='ocrx_word' id='word_1_387' title='bbox 373 4327 470 4391; x_wconf 85' lang='lat' dir='ltr'>nunt,</span> <span class='ocrx_word' id='word_1_388' title='bbox 495 4327 584 4392; x_wconf 83' lang='lat' dir='ltr'>apua</span> <span class='ocrx_word' id='word_1_389' title='bbox 615 4323 797 4380; x_wconf 86' lang='lat' dir='ltr'>Pollionem</span> <span class='ocrx_word' id='word_1_390' title='bbox 829 4337 887 4379; x_wconf 89' lang='lat' dir='ltr'>ca·</span> <span class='ocrx_word' id='word_1_391' title='bbox 932 4323 1055 4391; x_wconf 52' lang='lat' dir='ltr'>scala</span> <span class='ocrx_word' id='word_1_392' title='bbox 1356 4335 1358 4342; x_wconf 80' lang='grc'><em>’</em></span> 
     </span>
    </p>
   </div>
   <div class='ocr_carea' id='block_1_14' title="bbox 922 2579 1438 2866">
    <p class='ocr_par' dir='ltr' id='par_1_18' title="bbox 922 2579 1438 2866">
     <span class='ocr_line' id='line_1_55' title="bbox 923 2579 1437 2651; baseline -0.008 -15"><span class='ocrx_word' id='word_1_393' title='bbox 923 2583 1102 2651; x_wconf 83' lang='lat' dir='ltr'>trapoediis</span> <span class='ocrx_word' id='word_1_394' title='bbox 1123 2582 1296 2636; x_wconf 84' lang='lat' dir='ltr'>sedetiam</span> <span class='ocrx_word' id='word_1_395' title='bbox 1312 2579 1437 2635; x_wconf 81' lang='lat' dir='ltr'>oratio-</span> 
     </span>
     <span class='ocr_line' id='line_1_56' title="bbox 922 2652 1436 2721; baseline -0.01 -13"><span class='ocrx_word' id='word_1_396' title='bbox 922 2655 1018 2708; x_wconf 86' lang='lat' dir='ltr'>nibus</span> <span class='ocrx_word' id='word_1_397' title='bbox 1034 2655 1104 2708; x_wconf 92' lang='lat' dir='ltr'>suis</span> <span class='ocrx_word' id='word_1_398' title='bbox 1120 2653 1316 2721; x_wconf 68' lang='lat' dir='ltr'>cmpressisse</span> <span class='ocrx_word' id='word_1_399' title='bbox 1331 2668 1341 2704; x_wconf 90' lang='lat'><em>:</em></span> <span class='ocrx_word' id='word_1_400' title='bbox 1356 2652 1436 2705; x_wconf 81' lang='lat' dir='ltr'>adeo</span> 
     </span>
     <span class='ocr_line' id='line_1_57' title="bbox 922 2721 1438 2791; baseline -0.012 -11"><span class='ocrx_word' id='word_1_401' title='bbox 922 2727 1028 2780; x_wconf 82' lang='lat' dir='ltr'>durus</span> <span class='ocrx_word' id='word_1_402' title='bbox 1045 2729 1075 2778; x_wconf 93' lang='lat' dir='ltr'>et</span> <span class='ocrx_word' id='word_1_403' title='bbox 1091 2726 1195 2779; x_wconf 88' lang='lat' dir='ltr'>siccus</span> <span class='ocrx_word' id='word_1_404' title='bbox 1212 2730 1269 2778; x_wconf 89' lang='lat' dir='ltr'>est.</span> <span class='ocrx_word' id='word_1_405' title='bbox 1285 2722 1344 2776; x_wconf 85' lang='lat' dir='ltr'>Les</span> <span class='ocrx_word' id='word_1_406' title='bbox 1359 2721 1438 2791; x_wconf 81' lang='lat' dir='ltr'>frag-</span> 
     </span>
     <span class='ocr_line' id='line_1_58' title="bbox 922 2791 1438 2866; baseline -0.014 -15"><span class='ocrx_word' id='word_1_407' title='bbox 922 2799 1023 2851; x_wconf 85' lang='lat' dir='ltr'>ments</span> <span class='ocrx_word' id='word_1_408' title='bbox 1038 2796 1091 2866; x_wconf 90' lang='lat' dir='ltr'>qui</span> <span class='ocrx_word' id='word_1_409' title='bbox 1107 2811 1184 2851; x_wconf 79' lang='lat' dir='ltr'>nous</span> <span class='ocrx_word' id='word_1_410' title='bbox 1206 2797 1322 2850; x_wconf 83' lang='lat' dir='ltr'>restent</span> <span class='ocrx_word' id='word_1_411' title='bbox 1343 2791 1438 2847; x_wconf 88' lang='lat' dir='ltr'>delui</span> 
     </span>
    </p>
   </div>
   <div class='ocr_carea' id='block_1_15' title="bbox 0 0 1688 5159">
    <p class='ocr_par' dir='ltr' id='par_1_19' title="bbox 0 0 1688 5159">
     <span class='ocr_line' id='line_1_59' title="bbox 0 0 1688 5159; baseline 0 0"><span class='ocrx_word' id='word_1_412' title='bbox 0 0 1688 5159; x_wconf 95' lang='lat' dir='ltr'> </span> 
     </span>
    </p>
   </div>
  </div>
 </body>
</html>
