3317 5159
699 308 737 320 -
758 270 825 358 131⁴
840 306 879 317 -

232 442 299 485 esse
313 444 412 505 neque
426 443 491 504 par,
508 432 554 486 est
574 433 655 488 certe
670 428 814 507 proximis
840 427 933 486 locus.
959 427 1008 486 An
1028 445 1097 487 vero
1116 426 1174 506 ipsi
1189 447 1251 488 non

232 523 280 583 his
295 543 330 584 ao
355 524 475 602 saepius
500 525 538 585 de
562 526 668 586 eadem
691 526 870 586 redicimus
893 525 1068 602 etquidem
1092 526 1252 586 continuas
1293 525 1311 584 7

233 640 454 700 nonnunquam
483 623 673 684 sententias?
707 624 766 684 nisi
789 625 867 684 forte
890 622 1072 683 contendere
1091 623 1251 684 nobiscum

234 738 408 798 possumus,
441 739 512 780 eum
534 720 601 781 aliis
623 741 684 781 non
707 709 881 801 possumus.
906 720 986 780 Nem
1010 720 1035 779 si
1060 739 1121 780 uno
1143 739 1253 797 genere

233 817 488 897 benediceretur,
507 820 552 880 sas
568 825 631 879 erat
646 820 813 880 existimari
829 817 1018 898 praeclusam
1033 818 1121 878 nobis
1139 837 1156 878 3
1172 837 1250 897 prro-

234 909 321 976 rihus
335 917 434 976 viamt
451 937 534 978 nuno
549 937 619 978 vero
634 917 874 979 innumerabiles
894 922 966 977 sunt
987 917 1069 977 modi
1084 917 1252 996 plurimae-

235 1033 295 1092 que
316 1014 422 1074 eodem
437 1016 502 1076 viae
526 1016 654 1076 ducunt.
682 1017 743 1077 Sue
767 1015 906 1076 brevitati
931 1015 1038 1092 gratia,
1056 1034 1111 1074 sua
1137 1016 1251 1095 copiae,
1295 1014 1314 1075 8

235 1113 293 1173 alie
318 1114 472 1174 translatis
496 1115 603 1192 virtus,
628 1115 687 1175 alia
712 1114 853 1193 propriis,
881 1115 939 1174 hoo
961 1115 1055 1173 oratio
1070 1119 1163 1190 reeta,
1180 1114 1254 1173 illud

237 1212 335 1288 figura
359 1211 508 1273 declinata
536 1213 739 1272 commendat.
765 1213 835 1290 Ipsa
868 1211 999 1290 denique
1027 1212 1189 1271 utilissima
1211 1217 1257 1271 est

236 1307 442 1368 exercitationi
458 1309 632 1370 difficultas.
656 1310 735 1382 Quid
752 1310 833 1389 quod
852 1314 990 1369 auctores
1007 1308 1132 1368 maximi
1148 1309 1190 1368 sic
1205 1309 1254 1368 di-

237 1405 380 1482 ligentius
404 1408 652 1485 cognoscuntur?
667 1410 735 1469 Non
752 1409 836 1468 enim
862 1408 974 1487 scripta
997 1407 1125 1467 lectione
1150 1426 1257 1467 secura

238 1505 488 1584 transcurrimus,
506 1508 559 1567 sed
573 1512 741 1567 tractamus
761 1507 882 1584 singula
897 1511 927 1566 et
947 1506 1117 1566 necessario
1141 1505 1255 1565 intros-

237 1601 369 1681 picimus
383 1610 425 1684 et,
442 1612 593 1683 quantum
608 1606 729 1666 virtutis
749 1606 894 1682 habeant,
911 1605 957 1665 vel
971 1606 1028 1665 hoo
1048 1605 1113 1684 ipso
1133 1622 1258 1682 cognos-

238 1701 350 1780 cimus,
364 1704 446 1782 duod
460 1704 573 1765 imitari
585 1724 645 1765 non
660 1724 835 1783 possumus.

278 1799 342 1860 Nec
356 1801 455 1861 aliena
468 1808 588 1863 tantum
608 1803 783 1880 transferre,
807 1804 860 1863 sed
883 1803 975 1864 etiam
997 1808 1100 1863 nostre
1119 1801 1259 1880 pluribus
1300 1801 1320 1860 9

239 1903 337 1964 modis
357 1910 485 1965 traetare
505 1907 650 1988 proderit,
671 1912 706 1967 ut
728 1927 765 1968 ex
785 1908 937 1968 industria
960 1926 1118 1968 sumamus
1138 1910 1260 1966 senten-

240 2001 297 2060 ties
312 2003 460 2081 quasdam
485 2024 596 2084 easque
611 2026 769 2067 versemus
791 2025 886 2085 quam
901 2006 1162 2083 numerosissime,
1174 2005 1258 2064 velut

240 2123 326 2174 ment
358 2136 421 2177 une
454 2123 645 2195 proposition
676 2125 758 2180 inde·
805 2138 866 2179 une
879 2123 1069 2196 proposition
1082 2119 1319 2178 conditionnello

241 2191 406 2260 pendente,
437 2209 555 2250 somme
585 2198 653 2251 Sat.
672 2196 713 2262 ΙΙ,
730 2196 758 2263 2,
805 2197 824 2250 e
859 2195 1038 2267 l’imparfait
1068 2195 1108 2248 du
1141 2193 1318 2262 subjonctit‚

240 2260 276 2316 30
289 2277 296 2313 z
316 2265 502 2333 imparibus
514 2267 634 2335 formis
651 2270 759 2336 decep·
806 2281 880 2321 aveo
894 2269 994 2321 tontes
1009 2266 1053 2320 les
1073 2265 1265 2338 expressions
1279 2265 1320 2318 du

243 2336 314 2388 tum
330 2339 358 2389 te
366 2342 473 2404 potet.
492 2341 589 2394 Esto:
605 2342 760 2394 311113113-
807 2338 923 2403 devoir,
940 2336 1219 2408 vonloinpouvoir,
1235 2339 1294 2392 eto.
1311 2352 1318 2389 ε

246 2407 316 2458 tum
332 2409 437 2463 sentis
452 2412 509 2464 eto.
807 2411 983 2478 oportebat,
1007 2411 1149 2478 debebat,
1177 2409 1319 2474 decebat,

279 2478 459 2547 Prooctmis,
470 2483 500 2534 et
512 2495 574 2535 non
584 2483 760 2548 promimus
808 2495 947 2546 necesse,
956 2496 1031 2548 por,
1046 2485 1184 2545 rectum,
1200 2479 1251 2548 fas
1262 2481 1318 2534 eto.

242 2561 302 2622 que
317 2548 456 2604 donnent
475 2551 511 2606 de
526 2553 700 2623 preference
715 2552 760 2608 les
809 2557 892 2607 erat.
909 2551 947 2607 K.
963 2551 1004 2619 11,
1018 2552 1081 2618 929,
1095 2551 1123 2606 3.

242 2620 409 2676 anciennes
422 2621 553 2677 editions
566 2639 575 2691 3
590 2623 613 2678 il
629 2623 761 2679 formale
845 2624 1135 2677 Plurimaeeodem
1149 2623 1232 2677 viae.
1243 2621 1321 2676 Sans

242 2689 364 2749 dernier
379 2694 474 2748 terme
489 2693 581 2749 d'une
598 2695 762 2765 gradation
810 2693 902 2749 doute
918 2709 977 2748 une
1001 2693 1180 2765 expression
1203 2707 1322 2764 prover-

243 2763 448 2820 desoeudante
463 2779 469 2818 :
487 2767 643 2820 metius...
661 2781 760 2835 por...
808 2764 1016 2819 bielecomme
1031 2764 1078 2818 le:
1098 2767 1179 2819 Teos
1196 2766 1240 2818 tes
1256 2764 1322 2817 ohe-

238 2835 418 2905 proximis.
446 2833 534 2902 cel,
564 2835 638 2892 127:
662 2852 763 2907 pares
811 2838 899 2890 mins
915 2834 1266 2890 eondutseotdltome.

243 2911 303 2961 aut
316 2907 437 2960 saltem
442 2909 614 2974 proximos
624 2908 677 2962 itii
692 2909 763 2962 otro
845 2905 873 2961 8.
890 2908 1000 2962 Oratio
1015 2910 1116 2961 recto.
1137 2905 1196 2960 Sur
1208 2905 1235 2959 le
1257 2920 1323 2959 reo·

243 2980 328 3052 fieri.
812 2983 884 3032 tum
913 2979 1045 3033 dicendi
1068 2992 1183 3046 penus,
1217 2976 1256 3030 of.
1292 2975 1323 3029 13

279 3051 312 3105 ,7.
335 3048 411 3103 Nisi
439 3047 536 3117 forte.
556 3049 644 3105 Nous
662 3047 764 3103 conti·
810 3049 988 3112 3313111.
1011 3052 1110 3104 Recta
1132 3053 1161 3103 et
1183 3047 1324 3115 simplem

244 3135 347 3176 nuons
377 3119 504 3175 anoter
536 3119 566 3174 la
601 3119 763 3191 repetition
811 3120 917 3177 oratio
935 3119 1073 3192 s’oppose
1092 3119 1273 3174 souvente:
1289 3119 1324 3189 fi-

245 3193 300 3248 des
312 3194 427 3246 memes
441 3195 527 3246 tours
544 3192 562 3246 1
585 3189 763 3247 intervallos
810 3196 944 3261 pereto.
960 3191 1006 3246 Cf.
1021 3191 1111 3258 111,1,
1127 3190 1160 3245 3;
1183 3192 1324 3258 Utraque

246 3262 431 3335 rapproches
451 3262 523 3318 chez
538 3263 642 3328 Quint.
660 3263 707 3317 Cf.
734 3262 761 3329 1,
811 3279 862 3318 res
887 3263 1014 3332 (figurae
1037 3261 1151 3318 scilicet
1178 3265 1208 3316 et
1231 3260 1323 3333 tropi)

245 3336 291 3391 23.
316 3333 516 3404 L'argument
539 3349 577 3389 ne
599 3337 687 3407 porte
707 3348 763 3404 pas
812 3337 850 3388 de
866 3339 955 3389 recto
977 3338 1007 3388 et
1027 3333 1169 3402 simplici
1194 3333 1324 3387 ratione

246 3406 318 3480 plus
334 3406 504 3477 quetoute
524 3405 641 3461 l'heure
651 3422 660 3476 3
678 3405 714 3460 de
730 3419 763 3459 ce
811 3420 886 3460 eam
905 3407 1021 3474 aliquo
1044 3405 1176 3459 dicendi
1201 3405 1324 3457 virtute

247 3494 307 3549 que
322 3492 402 3531 nous
416 3491 558 3549 pouvons
574 3492 653 3531 nous
667 3475 763 3532 corri-
811 3478 1009 3545 deflectitur.
1025 3506 1061 3514 —
1075 3477 1202 3544 Fipura
1223 3477 1269 3530 est
1285 3473 1324 3530 ici

247 3565 300 3620 ger
315 3553 533 3614 nous-memes,
547 3547 569 3602 il
583 3563 621 3603 ne
635 3546 763 3603 s’ensuit
811 3549 828 3602 a
842 3547 983 3614 l'ablatii‚
998 3549 1027 3602 et
1037 3549 1144 3619 pipere
1156 3548 1325 3602 declinata

248 3637 304 3694 pas
315 3618 405 3692 qu'en
419 3619 504 3674 these
529 3618 668 3689 generale
684 3633 763 3673 nous
812 3618 960 3691 equivaut
973 3619 991 3672 3
1005 3620 1162 3690 fiporato.
1183 3618 1232 3673 cf.
1246 3619 1274 3684 1,
1290 3616 1325 3671 te

269 3691 403 3746 uissious
417 3705 497 3746 nous
513 3690 614 3746 datter
631 3691 667 3745 de
686 3690 763 3744 riva-
812 3697 843 3748 et
858 3690 888 3743 13
903 3692 974 3744 note
990 3690 1051 3744 ece
1067 3692 1140 3744 mot.
1154 3690 1324 3744 Declinore

247 3709 320 3818 iiser
361 3777 433 3817 aveo
469 3761 514 3817 les
551 3777 672 3816 oeuvres
710 3761 764 3815 des
811 3785 844 3810 z
860 3760 1219 3830 flectere‚immutere.'

249 3837 373 3889 mattres
403 3849 441 3888 on
464 3832 508 3888 les
535 3832 694 3888 resaisant.
720 3831 764 3886 Le
849 3831 935 3892 Quod
965 3833 1098 3887 imitari
1122 3847 1187 3886 non
1217 3833 1327 3898 posso-

271 3906 389 3976 ratique
408 3904 445 3959 de
465 3903 495 3958 13
519 3903 723 3959 declamation
746 3919 765 3957 a
813 3919 897 3958 mus.
913 3904 954 3958 Ge
970 3902 1088 3958 dernier
1101 3903 1263 3972 argument
1280 3903 1327 3956 est

180 4040 185 4051 ,
248 3922 338 4047 {gare
352 3975 383 4030 13
394 3974 521 4100 31111Ἱ33
536 3975 573 4030 de
589 3976 692 4040 Quint.
811 3975 840 4029 le
849 3973 987 4030 meilleur
992 3990 1000 4043 ;
1010 3973 1136 4028 Boileau
1143 3973 1326 4028 avaithonte

294 4050 359 4103 Uno
369 4062 467 4102 avece
481 4046 558 4116 lipse
567 4046 604 4102 de
619 4051 763 4112 tontum,
812 4047 946 4111 d’ecrire‚
958 4045 1063 4117 quand
1073 4045 1095 4100 il
1109 4044 1192 4100 lisait
1202 4045 1324 4100 Demos·
1411 4110 1414 4115 Ι

251 4135 369 4174 comme
384 4119 411 4185 1,
426 4119 460 4172 91
475 4119 558 4172 zHos
581 4119 765 4172 nominaui·
813 4119 914 4172 theno.
942 4117 993 4171 Vie
1019 4119 1057 4171 de
1084 4119 1232 4183 Benene,
1254 4117 1326 4171 edit.

253 4206 337 4245 mus.
367 4220 402 4229 —
429 4191 551 4244 Genera
577 4189 766 4260 equivautrt
813 4189 957 4254 Dounon,
974 4188 998 4252 I,
1014 4188 1063 4244 66.

251 4262 393 4328 ratione,
410 4262 520 4316 modo:
535 4261 586 4314 s’ii
602 4261 655 4329 n’p
673 4261 766 4315 avait
848 4260 875 4315 9.
904 4260 1179 4315 Numerosissime
1200 4281 1231 4304 =
1253 4273 1328 4314 soe-

256 4336 376 4404 qu'une
390 4331 488 4401 sapon
506 4333 545 4386 de
570 4333 643 4387 bien
660 4334 764 4387 dire...
808 4333 957 4400 pissime.
982 4331 1028 4386 Gt'.
1046 4331 1086 4394 ΙΙ,
1114 4330 1191 4399 12,3
1214 4332 1253 4386 ou
1269 4348 1328 4386 nu·

293 4406 357 4460 Fas
378 4408 472 4473 erat‚·
494 4402 657 4459 l'indioatit
678 4403 766 4476 apres
815 4405 991 4459 merosiore
1007 4403 1053 4458 est
1064 4402 1127 4476 pris
1137 4419 1216 4475 pour
1226 4405 1328 4474 pluro
