3317 5159
647 333 828 396 ..125-

198 488 270 550 nata
282 487 429 566 digerere,
445 486 543 547 soluta
557 480 749 565 componere,
758 483 930 546 'exultantia
945 497 1094 563 coercere,
1112 486 1224 566 dupli-¹

199 587 243 648 cis
256 605 389 666 operae:
414 603 486 646 nam
505 590 536 645 et
557 582 730 644 damnanda
744 588 818 644 sunt
832 600 910 662 quae
929 583 1106 662 placuerant
1124 591 1155 646 et
1169 584 1216 646 in·

198 683 346 746 venienda
375 701 453 763 quae
481 684 632 760 fugerant.
661 682 724 742 Nec
753 681 883 742 dubium
906 686 953 742 est
978 683 1128 761 optimum
1150 701 1217 744 esse
1256 684 1276 744 1

199 783 381 846 emendandi
395 802 502 860 genus,
520 782 672 861 siscripta
692 781 725 841 in
738 781 859 860 aliquod
874 787 995 860 tempus
1016 788 1214 862 reponantur,

200 888 236 944 ut
248 881 287 942 ad
301 899 338 941 ea
350 887 418 961 post
431 880 625 941 intervallum
638 879 721 940 velut
734 897 811 940 nova
825 884 916 958 atque
931 880 1028 940 aliena
1043 881 1215 960 redeamus,

200 999 240 1041 ne
255 979 342 1040 nobis
360 979 474 1058 scripta
496 983 600 1041 nostra
623 983 779 1056 tamquam
802 982 940 1037 recentes
961 978 1040 1038 letus
1061 978 1219 1041 blandian-

109 1075 113 1082 ’
201 1085 262 1140 tur.
280 1078 340 1139 Sed
368 1097 467 1156 neque
490 1078 547 1137 hoc
569 1075 744 1151 contingere
772 1093 893 1154 semper
914 1080 1023 1155 potest,
1040 1077 1219 1154 praesertim
1260 1077 1280 1137 3

202 1176 323 1247 oratori,
339 1175 389 1236 cui
404 1176 525 1255 saepius
535 1175 668 1258 scrihere
682 1171 720 1233 ad
734 1178 909 1251 praesentes
924 1191 999 1233 usus
1014 1191 1138 1235 necesse
1152 1181 1197 1236 est
1209 1196 1219 1251 3

134 1327 139 1331 .
203 1275 306 1354 etipsa
317 1273 488 1334 emendatio
512 1274 604 1332 linem
626 1271 747 1333 habeat.
773 1271 853 1332 Sunt
875 1274 959 1333 enim
984 1271 1037 1351 qui
1066 1273 1220 1334 adomnia

204 1373 315 1452 scripta
329 1377 475 1451 tanquam
499 1371 604 1432 vitiosa
628 1371 753 1431 redeant
772 1375 814 1447 et,
840 1371 927 1449 quasi
943 1371 1020 1431 nihil
1044 1372 1088 1432 las
1104 1371 1143 1432 sit
1157 1391 1221 1432 rec·

204 1477 271 1532 turn
284 1470 446 1549 essequod
460 1471 594 1550 primum
607 1475 665 1546 est,
682 1468 792 1529 melius
809 1468 995 1544 existiment,
1010 1469 1158 1548 quidquid
1174 1476 1221 1530 est

204 1551 300 1626 aliud,
315 1549 406 1628 idque
419 1550 542 1626 faciant,
565 1549 704 1628 quotiens
719 1547 833 1608 librum
858 1549 890 1608 in
915 1567 1025 1609 manus
1048 1568 1220 1629 resumpse-

205 1654 289 1728 runt,
305 1648 420 1708 similes
430 1648 556 1709 medicis
569 1647 662 1708 etiam
676 1647 794 1724 integra
808 1646 992 1707 secantibus.
1019 1647 1136 1708 Accidit
1159 1648 1218 1709 ita·

205 1764 265 1825 que
279 1752 314 1807 ut
326 1745 500 1807 cicatricosa
515 1746 577 1805 sint
590 1751 620 1805 et
641 1745 807 1821 exsanguia
820 1750 852 1804 et
865 1762 938 1804 cura
954 1744 1066 1824 pejora.
1083 1745 1130 1805 Sit
1150 1763 1221 1822 ergo

205 1844 367 1923 aliquando
380 1843 461 1922 quod
479 1843 595 1922 placeat
609 1849 662 1903 aut
675 1848 757 1903 certe
771 1842 852 1925 quod
867 1843 1008 1914 sufficiat,
1026 1848 1061 1902 ut
1076 1861 1153 1922 opus
1165 1862 1221 1923 po-

205 1941 258 2002 liat
273 1942 356 2017 lima,
374 1960 435 2001 non
449 1947 575 2002 exterat.
590 1941 748 2021 Temporis
761 1959 883 2020 quoque
907 1959 974 2000 esse
992 1941 1081 2001 debet
1100 1942 1221 2003 modus.
1262 1941 1283 2002 4

207 2040 286 2100 Nam
299 2040 380 2119 quod
394 2039 509 2101 Cinnae
532 2040 694 2118 Smyrnam
709 2058 816 2100 novem
830 2039 921 2099 annis
935 2039 1107 2118 accepimus
1122 2040 1220 2120 scrip-

208 2225 456 2294 aptajnnctnra
467 2227 498 2278 et
510 2237 586 2278 cam
601 2222 652 2278 hir
663 2238 721 2277 nn·
803 2219 1011 2276 Cicatricem.
1059 2220 1214 2277 Continuo
1252 2221 1284 2276 la

210 2309 321 2350 merua
368 2299 548 2362 opportune
597 2297 719 2350 cadens
766 2291 945 2364 metaphora
953 2306 962 2360 ;
979 2306 1019 2346 on
1033 2292 1283 2364 voitapresgue'-

208 2366 380 2435 contingit.
766 2362 866 2429 rison,
894 2361 940 2418 les
968 2363 1072 2434 points
1099 2363 1136 2419 de
1166 2368 1282 2420 suture.

244 2438 369 2493 Saluta.
382 2436 429 2491 Cf.
444 2435 472 2499 1,
491 2435 538 2502 31,
554 2439 585 2492 et
598 2434 630 2491 la
650 2438 721 2492 note
767 2435 974 2504 Ensangaia.
1000 2434 1047 2489 Cf.
1070 2433 1095 2499 Ι,
1120 2435 1182 2503 115,
1206 2435 1304 2490 01111

210 2524 264 2564 sur
276 2522 411 2564 carmen
426 2509 578 2562 rotatum.
768 2509 813 2560 est
829 2505 875 2560 dit
889 2504 926 2562 de
941 2503 1070 2561 Calvus:
1083 2506 1191 2561 nimia
1206 2522 1284 2563 con-

243 2579 454 2635 Ennttantia.
469 2579 498 2644 2,
512 2579 547 2634 16
561 2576 632 2633 etla
651 2580 723 2635 note
770 2582 824 2630 tra
839 2591 872 2631 re
895 2577 1069 2633 calumnia
1084 2592 1281 2633 vernansan-
1313 2599 1315 2604 ·

211 2665 264 2706 sur
305 2665 338 2706 ce
372 2652 455 2719 mot;
488 2651 507 2704 a
539 2650 723 2721 rapproclrer
768 2649 904 2718 gainem
929 2649 1173 2715 perdidisse—
1197 2651 1284 2705 Cara

211 2719 367 2777 d’ailleurs
405 2719 432 2776 le
477 2735 625 2793 passage:
661 2736 724 2790 pro
764 2722 892 2787 pejora.
914 2717 961 2773 uf.
982 2718 1179 2774 ἤια-11131.
1205 2722 1284 2776 Nat.

210 2793 391 2864 grandibus
429 2791 552 2846 tumidi
588 2796 644 2848 etc.
673 2792 721 2847 Cf.
771 2789 894 2858 XXXV,
910 2788 1208 2859 10:1voceresaepe
1230 2793 1286 2845 ni-

212 2864 293 2920 Hon.
319 2866 376 2932 ΕΡ.
405 2861 446 2929 11,
473 2863 501 2930 2,
522 2862 724 2918 walana—
771 2863 876 2915 aniam
905 2861 1123 2930 diligentiam.
1153 2862 1285 2917 Suetone

212 2935 342 2990 riantia
357 2937 529 3002 compescet
538 2949 550 2999 ,·
563 2934 665 2990 nimir
675 2948 725 2990 ar-
770 2948 790 2986 a
803 2931 849 2987 dit
863 2931 900 2987 de
916 2930 1035 2996 Tibiae,
1050 2930 1101 2988 70:
1133 2934 1231 2988 itiam
1245 2949 1286 2989 en

208 3019 292 3075 pera
328 3020 409 3061 rano
444 3005 577 3060 Leoebit
611 3006 725 3071 enitar
773 3003 1203 3074 temporapraestantiorem
1225 3005 1287 3061 lta-

214 3077 336 3132 oirtute
352 3077 503 3132 carentia
521 3077 621 3132 tottet.
771 3076 877 3129 bitum
892 3087 993 3143 qnam
1007 3089 1028 3129 α
1043 3089 1135 3130 cara.

248 3149 276 3204 2.
300 3148 341 3201 In
364 3148 499 3216 aliquod
513 3151 650 3215 tempas.
681 3144 726 3200 De
807 3145 835 3200 4.
862 3147 935 3201 Non
962 3150 1105 3202 catenat.
1139 3145 1288 3201 Souvenir

213 3222 313 3275 meme
327 3219 456 3282 Horace,
469 3221 505 3272 Α.
526 3220 562 3274 P.
577 3218 652 3275 388:
672 3231 726 3273 ao
773 3215 814 3272 du
831 3218 932 3272 timae
949 3217 1038 3272 labor
1052 3221 1084 3272 et
1094 3231 1187 3272 mora
1197 3215 1287 3272 d'Ho-
1317 3249 1323 3260 ι

215 3305 331 3346 nam...
342 3293 521 3358 prematur
539 3290 576 3344 in
596 3305 679 3345 annr
694 3303 726 3342 m
772 3303 853 3355 rece,
867 3291 903 3342 Α.
919 3290 956 3343 Ρ.
972 3287 1035 3344 291.
1061 3286 1108 3342 uf.
1126 3288 1214 3344 Peru.
1229 3289 1286 3357 Ep.

214 3363 415 3417 Membranie
429 3361 524 3416 intur
534 3361 667 3430 positis.-
677 3361 716 3414 rte
773 3361 809 3426 V,
823 3359 875 3414 11:
898 3360 1014 3428 Itaque
1036 3374 1115 3428 opas
1131 3374 1197 3414 non
1212 3362 1288 3428 jam

217 3436 280 3489 tere
301 3434 409 3488 licebit
430 3433 517 3492 Quod
532 3446 597 3487 non
622 3431 726 3487 edide-
774 3430 968 3499 splendescit
993 3431 1075 3486 lima
1097 3432 1153 3497 sect
1168 3433 1290 3486 atteri-

215 3505 283 3569 ris,·
299 3505 403 3560 nescit
413 3518 476 3559 oon
484 3503 585 3559 inissa
593 3502 726 3558 reverti.
777 3507 843 3556 tar.
866 3501 914 3557 Cf.
935 3501 978 3556 id.
994 3501 1049 3570 IX,
1062 3501 1109 3568 35,
1121 3502 1156 3558 2:
1173 3503 1289 3558 Nimia

251 3578 405 3632 Recenter
428 3574 528 3644 fetae.
553 3574 647 3641 CM,
670 3573 725 3629 16:
775 3587 858 3629 cura
896 3575 1016 3629 deterit
1054 3574 1160 3644 magis
1188 3588 1289 3644 qnam

217 3660 300 3702 nona
315 3647 377 3701 itta
400 3648 490 3701 vetat
511 3646 684 3702 nascentia
699 3649 729 3700 et
775 3645 939 3700 emendat.

216 3716 247 3772 la
262 3720 334 3772 note
347 3731 355 3786 ;
366 3717 403 3772 de
416 3717 552 3782 memoli,
567 3717 729 3773 7:0mnia
811 3716 935 3772 Cinnae
955 3718 1144 3784 Smyrnam.
1167 3715 1198 3770 G.
1213 3714 1291 3770 Hel-

217 3792 342 3856 nortra,
358 3790 438 3842 dam
450 3793 648 3855 nascantur,
655 3789 727 3856 pta·
775 3786 845 3842 vius
860 3786 966 3856 Cinna,
983 3803 1024 3842 un
1040 3787 1102 3842 ami
1112 3786 1149 3842 de
1159 3785 1290 3854 Catulle,

217 3863 301 3916 cent.
777 3858 950 3914 adversaire
974 3856 1156 3915 commelui
1180 3856 1292 3914 (1601-
1358 3913 1368 3930 ,

251 3931 280 3986 3.
296 3933 381 3985 Sunt
407 3931 509 3987 enim.
547 3929 652 3995 Quint.
682 3945 732 3986 re·
778 3944 839 3996 sar,
868 3935 979 3985 auteur
1000 3928 1073 3984 d’un
1119 3929 1204 3985 oeme
1232 3927 1292 4001 e'pi-

220 4001 316 4075 prend
351 4017 412 4057 une
447 4001 515 4057 ideo
548 4000 676 4072 develop
698 4000 732 4056 ee
800 4016 848 4067 ue,
875 4000 961 4055 imite
994 3999 1047 4055 des
1074 3943 1291 4066 Alexandnnn

218 4071 289 4146 plus
304 4071 434 4141 haut,3,
449 4072 503 4127 11:
520 4072 672 4142 Suntqn'
693 4087 732 4127 aa
778 4016 854 4126 lent
872 4070 1017 4126 l'hero'ine
1040 4073 1088 4126 est
1109 4071 1240 4142 Smyrna
1252 4086 1293 4127 ou

220 4143 305 4199 nihil
319 4144 365 4199 ait
378 4145 463 4199 ratis
478 4145 535 4199 etc.
779 4140 913 4213 Myrrha,
929 4141 1073 4197 l'amante
1102 4141 1293 4198 incestueuse

255 4216 401 4271 Medicis.
421 4215 464 4270 La
476 4212 687 4286 comparaison
698 4213 734 4269 ti·
780 4212 817 4269 de
829 4213 981 4339 sondpere,
995 4212 1049 4287 qui
1063 4211 1148 4268 avait
1159 4213 1262 4269 fourni
1276 4216 1295 4270 a

219 4286 269 4343 ree
278 4285 332 4341 des
343 4283 497 4342 medecina
505 4289 550 4341 est
561 4299 646 4340 assez
655 4285 732 4339 inat
780 4282 885 4356 Euripi
907 4299 922 4340 e
946 4299 988 4339 un
1015 4284 1095 4355 sujet
1109 4282 1146 4340 de
1159 4285 1293 4356 tragedia

221 4356 333 4414 tendue
347 4360 378 4413 et
392 4371 525 4429 manque
540 4355 577 4412 de
587 4356 730 4428 justesse.
778 4354 894 4412 celebre
907 4354 986 4411 dans
1000 4354 1185 4427 l'antiquite.
1197 4354 1294 4413 L'oeu·
