3317 5159
704 268 863 339 ..25-

241 427 356 510 egerit:
372 431 442 512 quis
456 432 515 493 erit
528 431 649 508 modus,
666 432 692 491 si
706 436 737 491 et
749 430 817 491 illos
832 434 862 491 et
877 428 931 509 qui
955 435 1058 509 postea
1081 430 1207 492 fuerunt
1227 433 1258 492 et

241 532 371 592 Graecos
385 550 491 591 omnes
503 532 543 611 [et
554 528 760 612 philosophos]
771 529 854 590 ‘lfuit
864 529 958 607 igitur
966 528 1097 609 brevitas
1107 529 1159 590 illa
1169 531 1257 591 tutis·
1277 530 1318 591 39

240 628 328 705 sima,
345 648 422 708 quae
437 634 482 689 est
506 630 586 709 apud
606 628 726 689 Livium
743 628 776 688 in
797 626 927 707 epistula
949 626 986 687 ad
1004 627 1102 687 filium
1126 628 1254 707 scripta:

239 726 442 807 legendos
467 729 798 789 Demosthenem
825 731 954 804 atque
982 725 1255 809 Ciceronem,

238 826 428 903 inmite,
457 825 716 905 utquisque
751 829 871 887 esset
902 825 1182 886 Demostheni
1214 831 1257 887 et

238 924 438 985 Ciceroni
467 924 745 985 simillimus.
774 923 1250 987 Nonestdissimulandanostri
1271 926 1312 988 10

236 1040 356 1101 quoque
380 1022 489 1102 judicii
516 1042 648 1084 summa.
678 1024 796 1085 Paucos
823 1023 907 1083 enim
932 1021 979 1098 vel
1007 1022 1108 1100 potius
1130 1023 1181 1084 vix
1205 1024 1252 1084 ul·

234 1119 300 1181 lum
338 1140 376 1182 ex
413 1122 462 1182 his
489 1168 498 1200 ,
535 1121 588 1201 qui
624 1127 805 1183 vetustatem
844 1120 1073 1200 pertulerunt,
1114 1123 1254 1184 existimo

114 1270 119 1281 .
234 1238 321 1297 posse
352 1222 491 1299 reperiri,
519 1222 596 1300 quin
619 1221 772 1300 judicium
795 1220 1015 1304 adhibentibus
1039 1221 1198 1283 adlaturus
1212 1223 1253 1284 sit

234 1318 374 1407 utilitatis
401 1319 538 1399 aliquid,
567 1339 639 1380 cum
668 1339 700 1380 se
729 1321 834 1382 Cicero
862 1319 901 1380 ab
926 1318 987 1379 illis
1016 1338 1138 1399 quoque
1157 1327 1255 1383 vetus·

234 1416 361 1479 tissimis
386 1418 585 1499 auctoribus,
615 1418 782 1497 ingeniosis
810 1417 955 1497 quidem,
983 1418 1038 1478 sed
1059 1424 1125 1479 arte
1149 1417 1269 1482 caren?

233 1589 359 1644 Brutus
383 1588 431 1644 fut
455 1589 610 1662 compote,
634 1604 667 1645 ce
691 1588 745 1661 qui
795 1590 1024 1644 adnumerare
1060 1590 1169 1657 possis
1210 1606 1313 1662 qaam

231 1658 408 1729 justifierait
421 1662 439 1715 e
450 1660 482 1715 la
496 1660 623 1732 rigueur
636 1660 667 1715 la
681 1676 744 1716 cor·
797 1661 959 1715 historiae
973 1665 1006 1716 et
1016 1675 1058 1716 eor
1067 1662 1216 1731 professo
1232 1664 1313 1731 pti·-

232 1731 347 1787 rection
362 1746 368 1787 :
385 1734 582 1802 quibuscum
605 1734 743 1787 vivebat.
797 1732 1309 1800 tosopttameonttnenteslibror.

232 1800 291 1856 Car
309 1803 494 1859 Hortensius
513 1807 560 1860 est
574 1803 646 1860 bien
668 1818 746 1876 pour
795 1800 838 1859 Le
853 1802 903 1859 fils
917 1802 994 1859 dont
1008 1802 1031 1859 il
1046 1807 1093 1859 est
1109 1805 1252 1876 question
1271 1806 1310 1863 ici

231 1872 357 1929 Ciceron
374 1888 381 1931 :
397 1877 520 1931 aetatis
534 1890 626 1931 suae.
644 1874 745 1931 Seule-
796 1877 844 1929 est
858 1875 1037 1931 mentionne
1053 1874 1139 1931 aussi
1175 1892 1210 1931 ar
1223 1876 1311 1934 Pline

196 1980 198 1987 ·
231 1948 316 2000 ment
337 1944 360 2001 il
388 1948 436 2002 est
458 1950 539 2003 mort
560 1949 668 2019 quatre
688 1962 745 2001 ans
795 1944 944 2015 l'Ancten,
961 1947 1046 2001 Hist.
1063 1948 1142 2003 Nat.
1153 1892 1185 2016 1l,
1206 1947 1260 2005 lih.
1281 1948 1308 2004 V

231 2020 327 2072 avant
340 2017 371 2073 la
385 2018 590 2090 composition
605 2018 647 2074 du
662 2020 745 2073 Bra·
794 2020 824 2072 et
838 2017 888 2072 VI.

232 2092 294 2143 tas.
829 2088 1309 2147 todoatctumaattaaomme

260 2161 303 2229 (et
316 2160 646 2231 philosophos).Halm
654 2162 743 2287 apres
793 2158 866 2231 plus
882 2160 939 2215 has
963 2159 1033 2215 131:
1058 2175 1240 2218 emersere..
1259 2167 1309 2216 at-

231 2229 281 2285 Fr.
298 2230 436 2288 Schmidt
451 2234 560 2288 croite
579 2248 640 2288 une
658 2248 743 2304 goso
794 2232 1124 2301 comparaticium,
1132 2247 1169 2287 en
1206 2232 1308 2289 arlant

229 2304 259 2356 et
273 2318 335 2364 non
352 2319 423 2359 sans
439 2304 552 2360 raison.
573 2304 634 2360 Car
653 2318 743 2375 pour·
792 2302 1003 2374 (resinaque,
1029 2304 1139 2359 auteur
1182 2249 1244 2359 lein
1269 2303 1307 2360 de

229 2376 348 2445 quota
370 2376 418 2431 res
433 2374 624 2431 l’indication
648 2375 743 2447 gene·
792 2372 932 2429 detauts.
953 2375 1039 2429 Jua.
1068 2373 1146 2446 sign·
1171 2390 1186 2431 e
1213 2375 1252 2431 ici
1278 2374 1306 2432 le

228 2444 301 2513 rale,
318 2444 338 2500 d
356 2446 513 2502 taillerles
535 2446 617 2503 sauls
638 2445 743 2518 philo·
791 2449 884 2515 gout3
915 2446 953 2501 cf.
982 2445 1085 2508 infra.
1109 2446 1164 2502 72:
1187 2449 1306 2515 pravis

227 2516 392 2645 {iiiiii
399 2518 689 2662 nillitiiietli
697 2517 741 2644 111
790 2518 1307 2661 {tttriturante.

228 2658 297 2714 faut
311 2660 454 2733 supplecr.
468 2660 496 2716 le
511 2661 621 2717 verbe:
632 2675 740 2729 perse·
789 2658 861 2730 plus
882 2659 959 2716 haut
986 2676 1004 2715 a
1029 2676 1073 2715 un
1102 2676 1173 2717 sens
1204 2663 1305 2717 moins

227 2745 323 2800 quar.
790 2730 920 2802 special:
938 2735 1304 2802 notrejapemeritsom·

259 2802 305 2857 39.
336 2804 464 2859 Fuerit.
506 2801 645 2873 Quotque
679 2801 734 2875 Sp.
789 2804 907 2859 maire.

229 2872 323 2929 Halm
350 2877 380 2930 et
408 2875 485 2931 Bon.
516 2873 737 2944 gardentfatt,
825 2875 1303 2934 Vetustatemroaionttriam·

227 2959 286 3015 que
308 2946 445 3002 dormant
472 2945 503 3001 la
532 2943 657 3017 plupart
685 2945 738 3001 des
784 2945 1065 3014 pertimentes,
1085 2951 1141 3001 ont
1161 2946 1301 3014 echappe

226 3018 435 3086 manuscrits,
470 3032 550 3073 nous
581 3016 738 3089 proferans
788 3014 956 3072 cil’actr'oa
975 3018 1021 3071 aa
1047 3021 1159 3085 temps,
1182 3032 1301 3073 comme

225 3087 342 3156 faerit,
358 3090 489 3161 puisquc
504 3088 609 3154 Quint.
621 3104 659 3143 ne
674 3087 738 3143 s’en
787 3086 832 3143 les
860 3086 939 3143 bons
971 3088 1042 3142 vine
1078 3087 1132 3159 qui
1164 3091 1301 3160 peuvent

226 3158 304 3242 tient
318 3162 408 3232 pase
431 3176 480 3216 aes
500 3158 631 3215 conseils
653 3174 738 3215 som·
786 3158 914 3214 vieillir.
941 3158 983 3214 Ge
1012 3161 1083 3214 sont
1105 3158 1150 3242 les
1165 3159 1299 3241 ‘enciens

225 3231 738 3358 tttttnuttttltthut?
786 3234 1028 3371 11111111.
1040 3233 1300 3372 territuri}

225 3373 382 3441 tionnelle‚
398 3374 437 3429 K.
452 3374 505 3429 127
519 3376 549 3429 et
564 3374 643 3429 suiv.
786 3372 831 3445 23)
847 3375 1020 3444 :antiquos
1032 3374 1135 3444 tepere
1150 3376 1297 3430 etaovos.

259 3447 353 3515 Apud
376 3447 520 3501 Liviam.
543 3446 579 3500 V.
599 3444 683 3515 VIII,
705 3445 734 3513 2,
786 3443 822 3501 V.
846 3445 875 3512 e,
898 3445 931 3500 1:
957 3446 1127 3502 Orationes
1149 3448 1298 3501 veteram

223 3515 275 3583 18,
316 3532 375 3572 une
408 3519 495 3573 autre
527 3516 663 3572 mention
698 3516 734 3573 de
785 3529 824 3571 ac
840 3531 1009 3572 uovorum.
1025 3515 1154 3573 Ciceron
1169 3519 1216 3571 est
1228 3533 1297 3590 par·

223 3587 388 3657 Tite-Live,
405 3588 545 3664 dormant
569 3586 623 3643 des
658 3603 734 3643 con·
784 3587 829 3641 mi
843 3586 1297 3645 lesancienszomrresveteres

223 3658 294 3715 seils
316 3658 487 3717 litteraires.
510 3658 598 3715 Celui
619 3658 695 3715 dont
711 3660 733 3715 il
784 3663 815 3713 et
830 3660 1123 3729 Ciceropraeoipue
1134 3658 1239 3731 (1x‚3‚
1253 3659 1292 3730 1).

221 3734 268 3785 θεῖ
278 3732 420 3814 question
433 3732 472 3787 ici
485 3735 531 3786 θεῖ
542 3730 611 3802 deja
624 3732 681 3786 cite
695 3747 733 3786 en
785 3729 910 3856 Unpeu
925 3730 997 3803 plus
1009 3730 1077 3798 has,
1101 3730 1129 3785 le
1154 3729 1298 3802 superla-

221 3804 330 3873 partre‚
344 3802 383 3872 ΙΙ,
399 3804 427 3869 5,
442 3804 496 3858 20:
515 3808 586 3856 tam
606 3800 734 3874 (lepen-
782 3800 839 3856 lati
897 3803 1132 3858 vetustissimis
1171 3800 1296 3871 designe

220 3874 294 3943 aas)
338 3872 630 3946 (quemadmodum
674 3875 732 3927 Li·
782 3888 860 3928 ceux
874 3876 967 3945 qu’on
981 3889 1019 3929 ne
1031 3871 1068 3927 lit
1076 3872 1159 3998 plus,
1171 3887 1247 3927 ceux
1257 3871 1296 3928 do

220 3946 294 4000 vius
317 3947 494 4015 praecipit)
530 3946 731 4014 utquisque
781 3942 812 3998 la
827 3945 975 4016 premiere
990 3944 1073 4017 perio
1116 3983 1123 3998 .

221 4018 286 4070 erit
330 4018 480 4073 Ciceroni
507 4018 724 4073 simillimas.
816 4018 973 4072 Cicero...
992 4016 1157 4083 fateatur.
1168 4013 1255 4068 Dans
1265 4012 1295 4068 le

219 4086 375 4143 Tite-Live
390 4088 474 4143 avait
489 4087 630 4159 compase
646 4088 731 4143 aussi
778 4087 916 4153 Brutus,
933 4085 1014 4154 XVI,
1029 4087 1063 4141 61
1075 4088 1105 4140 et
1121 4085 1200 4140 suiv.
1217 4086 1257 4140 ou
1270 4083 1294 4139 il

219 4157 271 4213 des
283 4160 389 4214 traites
425 4158 525 4214 hiloso
548 4159 675 4231 hiques3
692 4175 724 4215 v.
780 4158 880 4213 exalte
894 4158 993 4213 Gaton
1008 4160 1039 4212 et
1060 4156 1138 4212 daus
1162 4172 1197 4211 sa
1243 4170 1295 4211 er-

219 4229 294 4286 Snu.
323 4234 380 4300 Ep.
440 4230 497 4296 VI,
526 4176 563 4285 i:
580 4232 728 4299 dialopos
779 4244 875 4285 sonno
891 4233 960 4285 tous
975 4227 1126 4284 lesvieux
1140 4243 1210 4311 repr
1227 4243 1294 4282 sen-

217 4317 296 4372 quos
308 4317 374 4358 aaa
400 4303 507 4372 mapis
515 4302 727 4371 phlosophiae
779 4304 864 4357 tants
876 4300 912 4357 de
926 4300 1112 4373 l'eloquence
1126 4299 1231 4354 latine.

309 4397 544 4469 Qu1ur.‚L1s.,X.
1189 4394 1216 4448 2·
