<?xml version="1.0" encoding="UTF-8"?>
<!DOCTYPE html PUBLIC "-//W3C//DTD XHTML 1.0 Transitional//EN"
    "http://www.w3.org/TR/xhtml1/DTD/xhtml1-transitional.dtd">
<html xmlns="http://www.w3.org/1999/xhtml" xml:lang="en" lang="en">
 <head>
  <title>
</title>
<meta http-equiv="Content-Type" content="text/html;charset=utf-8" />
  <meta name='ocr-system' content='tesseract 3.04.00' />
  <meta name='ocr-capabilities' content='ocr_page ocr_carea ocr_par ocr_line ocrx_word'/>
</head>
<body>
  <div class='ocr_page' id='page_1' title='image "./mfabiquintilian01hildgoog_0059.png"; bbox 0 0 3317 5159; ppageno 0'>
   <div class='ocr_carea' id='block_1_1' title="bbox 658 336 820 401">
    <p class='ocr_par' dir='ltr' id='par_1_1' title="bbox 658 336 820 401">
     <span class='ocr_line' id='line_1_1' title="bbox 658 336 820 401; baseline 0 -18"><span class='ocrx_word' id='word_1_1' title='bbox 658 336 820 401; x_wconf 65' lang='lat'><strong>-23-</strong></span> 
     </span>
    </p>
   </div>
   <div class='ocr_carea' id='block_1_2' title="bbox 200 478 1283 1347">
    <p class='ocr_par' dir='ltr' id='par_1_2' title="bbox 200 478 1220 657">
     <span class='ocr_line' id='line_1_2' title="bbox 200 478 1220 562; baseline -0.002 -19"><span class='ocrx_word' id='word_1_2' title='bbox 200 488 349 544; x_wconf 87' lang='lat' dir='ltr'><strong>vetustate</strong></span> <span class='ocrx_word' id='word_1_3' title='bbox 363 481 523 559; x_wconf 78' lang='lat' dir='ltr'>diligenter</span> <span class='ocrx_word' id='word_1_4' title='bbox 537 482 594 542; x_wconf 87' lang='lat' dir='ltr'><strong>sibi</strong></span> <span class='ocrx_word' id='word_1_5' title='bbox 610 483 729 559; x_wconf 81' lang='lat' dir='ltr'><strong>cognita</strong></span> <span class='ocrx_word' id='word_1_6' title='bbox 743 488 856 559; x_wconf 88' lang='lat' dir='ltr'><strong>sumat,</strong></span> <span class='ocrx_word' id='word_1_7' title='bbox 872 483 929 543; x_wconf 89' lang='lat' dir='ltr'><strong>hoc</strong></span> <span class='ocrx_word' id='word_1_8' title='bbox 944 478 1123 562; x_wconf 80' lang='lat' dir='ltr'><strong>potentiora,</strong></span> <span class='ocrx_word' id='word_1_9' title='bbox 1139 482 1220 561; x_wconf 91' lang='lat' dir='ltr'><strong>quod</strong></span> 
     </span>
     <span class='ocr_line' id='line_1_3' title="bbox 202 579 889 657; baseline -0.003 -16"><span class='ocrx_word' id='word_1_10' title='bbox 202 600 237 641; x_wconf 88' lang='lat' dir='ltr'><strong>ea</strong></span> <span class='ocrx_word' id='word_1_11' title='bbox 252 581 313 640; x_wconf 90' lang='lat' dir='ltr'><strong>sola</strong></span> <span class='ocrx_word' id='word_1_12' title='bbox 327 579 509 639; x_wconf 82' lang='lat' dir='ltr'><strong>criminibus</strong></span> <span class='ocrx_word' id='word_1_13' title='bbox 523 580 583 639; x_wconf 91' lang='lat' dir='ltr'><strong>odii</strong></span> <span class='ocrx_word' id='word_1_14' title='bbox 599 585 628 639; x_wconf 88' lang='lat' dir='ltr'><strong>et</strong></span> <span class='ocrx_word' id='word_1_15' title='bbox 642 581 757 657; x_wconf 83' lang='lat' dir='ltr'><strong>gratiae</strong></span> <span class='ocrx_word' id='word_1_16' title='bbox 770 586 889 640; x_wconf 82' lang='lat' dir='ltr'><strong>vacant.</strong></span> 
     </span>
    </p>

    <p class='ocr_par' dir='ltr' id='par_1_3' title="bbox 201 677 1283 1347">
     <span class='ocr_line' id='line_1_4' title="bbox 241 677 1279 759; baseline -0.001 -21"><span class='ocrx_word' id='word_1_17' title='bbox 241 679 269 738; x_wconf 89' lang='lat' dir='ltr'><strong>A</strong></span> <span class='ocrx_word' id='word_1_18' title='bbox 282 678 531 757; x_wconf 90' lang='lat' dir='ltr'><strong>philosophorum</strong></span> <span class='ocrx_word' id='word_1_19' title='bbox 548 696 617 737; x_wconf 89' lang='lat' dir='ltr'><strong>vero</strong></span> <span class='ocrx_word' id='word_1_20' title='bbox 631 678 759 737; x_wconf 89' lang='lat' dir='ltr'><strong>lectione</strong></span> <span class='ocrx_word' id='word_1_21' title='bbox 774 684 807 739; x_wconf 90' lang='lat' dir='ltr'><strong>ut</strong></span> <span class='ocrx_word' id='word_1_22' title='bbox 822 684 924 739; x_wconf 85' lang='lat' dir='ltr'><strong>essent</strong></span> <span class='ocrx_word' id='word_1_23' title='bbox 939 680 1036 740; x_wconf 89' lang='lat' dir='ltr'><strong>multa</strong></span> <span class='ocrx_word' id='word_1_24' title='bbox 1053 680 1140 740; x_wconf 90' lang='lat' dir='ltr'><strong>nobis</strong></span> <span class='ocrx_word' id='word_1_25' title='bbox 1158 698 1214 759; x_wconf 90' lang='lat' dir='ltr'><strong>pe·</strong></span> <span class='ocrx_word' id='word_1_26' title='bbox 1238 677 1279 737; x_wconf 90' lang='lat'><strong>35</strong></span> 
     </span>
     <span class='ocr_line' id='line_1_5' title="bbox 201 776 1215 857; baseline 0 -21"><span class='ocrx_word' id='word_1_27' title='bbox 201 777 303 852; x_wconf 82' lang='lat' dir='ltr'><strong>tenda,</strong></span> <span class='ocrx_word' id='word_1_28' title='bbox 319 776 391 836; x_wconf 90' lang='lat' dir='ltr'><strong>vitio</strong></span> <span class='ocrx_word' id='word_1_29' title='bbox 405 778 519 836; x_wconf 89' lang='lat' dir='ltr'><strong>factum</strong></span> <span class='ocrx_word' id='word_1_30' title='bbox 533 780 579 835; x_wconf 89' lang='lat' dir='ltr'><strong>est</strong></span> <span class='ocrx_word' id='word_1_31' title='bbox 592 782 757 851; x_wconf 85' lang='lat' dir='ltr'><strong>oratorum,</strong></span> <span class='ocrx_word' id='word_1_32' title='bbox 772 777 824 855; x_wconf 90' lang='lat' dir='ltr'><strong>qui</strong></span> <span class='ocrx_word' id='word_1_33' title='bbox 838 778 963 855; x_wconf 87' lang='lat' dir='ltr'><strong>quidem</strong></span> <span class='ocrx_word' id='word_1_34' title='bbox 972 778 1032 837; x_wconf 90' lang='lat' dir='ltr'><strong>illis</strong></span> <span class='ocrx_word' id='word_1_35' title='bbox 1043 780 1156 857; x_wconf 86' lang='lat' dir='ltr'><strong>optima</strong></span> <span class='ocrx_word' id='word_1_36' title='bbox 1166 777 1215 837; x_wconf 90' lang='lat' dir='ltr'><strong>sui</strong></span> 
     </span>
     <span class='ocr_line' id='line_1_6' title="bbox 201 872 1222 954; baseline -0.001 -20"><span class='ocrx_word' id='word_1_37' title='bbox 201 876 300 954; x_wconf 91' lang='lat' dir='ltr'><strong>operis</strong></span> <span class='ocrx_word' id='word_1_38' title='bbox 314 878 398 953; x_wconf 87' lang='lat' dir='ltr'><strong>parte</strong></span> <span class='ocrx_word' id='word_1_39' title='bbox 413 879 581 932; x_wconf 84' lang='lat' dir='ltr'><strong>cesserunt.</strong></span> <span class='ocrx_word' id='word_1_40' title='bbox 598 872 677 932; x_wconf 86' lang='lat' dir='ltr'><strong>Nam</strong></span> <span class='ocrx_word' id='word_1_41' title='bbox 692 879 722 932; x_wconf 86' lang='lat' dir='ltr'><strong>et</strong></span> <span class='ocrx_word' id='word_1_42' title='bbox 736 873 774 932; x_wconf 87' lang='lat' dir='ltr'><strong>de</strong></span> <span class='ocrx_word' id='word_1_43' title='bbox 791 872 898 950; x_wconf 88' lang='lat' dir='ltr'><strong>justis,</strong></span> <span class='ocrx_word' id='word_1_44' title='bbox 920 875 1066 948; x_wconf 65' lang='lat' dir='ltr'><strong>honestis</strong></span> <span class='ocrx_word' id='word_1_45' title='bbox 1093 875 1222 935; x_wconf 88' lang='lat' dir='ltr'><strong>utilibus</strong></span> 
     </span>
     <span class='ocr_line' id='line_1_7' title="bbox 202 970 1216 1054; baseline -0.001 -22"><span class='ocrx_word' id='word_1_46' title='bbox 202 972 300 1054; x_wconf 80' lang='lat' dir='ltr'><strong>iisque</strong></span> <span class='ocrx_word' id='word_1_47' title='bbox 313 989 390 1050; x_wconf 87' lang='lat' dir='ltr'><strong>quae</strong></span> <span class='ocrx_word' id='word_1_48' title='bbox 405 975 476 1030; x_wconf 89' lang='lat' dir='ltr'><strong>sunt</strong></span> <span class='ocrx_word' id='word_1_49' title='bbox 496 970 562 1029; x_wconf 89' lang='lat' dir='ltr'><strong>istis</strong></span> <span class='ocrx_word' id='word_1_50' title='bbox 577 971 738 1048; x_wconf 87' lang='lat' dir='ltr'><strong>contraria,</strong></span> <span class='ocrx_word' id='word_1_51' title='bbox 755 976 785 1030; x_wconf 87' lang='lat' dir='ltr'><strong>ot</strong></span> <span class='ocrx_word' id='word_1_52' title='bbox 800 972 838 1030; x_wconf 91' lang='lat' dir='ltr'><strong>de</strong></span> <span class='ocrx_word' id='word_1_53' title='bbox 852 971 944 1030; x_wconf 86' lang='lat' dir='ltr'><strong>rebus</strong></span> <span class='ocrx_word' id='word_1_54' title='bbox 958 972 1068 1032; x_wconf 86' lang='lat' dir='ltr'><strong>divinis</strong></span> <span class='ocrx_word' id='word_1_55' title='bbox 1083 974 1216 1032; x_wconf 80' lang='lat' dir='ltr'><strong>maxime</strong></span> 
     </span>
     <span class='ocr_line' id='line_1_8' title="bbox 202 1070 1223 1149; baseline 0 -19"><span class='ocrx_word' id='word_1_56' title='bbox 202 1072 308 1130; x_wconf 85' lang='lat' dir='ltr'><strong>dieunt</strong></span> <span class='ocrx_word' id='word_1_57' title='bbox 332 1075 362 1128; x_wconf 88' lang='lat' dir='ltr'><strong>et</strong></span> <span class='ocrx_word' id='word_1_58' title='bbox 384 1074 637 1147; x_wconf 81' lang='lat' dir='ltr'><strong>argumentantur</strong></span> <span class='ocrx_word' id='word_1_59' title='bbox 658 1070 779 1147; x_wconf 87' lang='lat' dir='ltr'><strong>acriter,</strong></span> <span class='ocrx_word' id='word_1_60' title='bbox 801 1076 830 1129; x_wconf 88' lang='lat' dir='ltr'><strong>et</strong></span> <span class='ocrx_word' id='word_1_61' title='bbox 855 1070 1101 1131; x_wconf 77' lang='lat' dir='ltr'><strong>altercationibus</strong></span> <span class='ocrx_word' id='word_1_62' title='bbox 1132 1076 1223 1149; x_wconf 90' lang='lat' dir='ltr'><strong>atque</strong></span> 
     </span>
     <span class='ocr_line' id='line_1_9' title="bbox 203 1168 1281 1249; baseline 0 -20"><span class='ocrx_word' id='word_1_63' title='bbox 203 1168 489 1245; x_wconf 79' lang='lat' dir='ltr'><strong>interrogationibus</strong></span> <span class='ocrx_word' id='word_1_64' title='bbox 508 1173 658 1227; x_wconf 88' lang='lat' dir='ltr'><strong>oratorem</strong></span> <span class='ocrx_word' id='word_1_65' title='bbox 676 1169 817 1227; x_wconf 88' lang='lat' dir='ltr'><strong>futurum</strong></span> <span class='ocrx_word' id='word_1_66' title='bbox 831 1170 945 1247; x_wconf 88' lang='lat' dir='ltr'><strong>optime</strong></span> <span class='ocrx_word' id='word_1_67' title='bbox 967 1169 1111 1229; x_wconf 80' lang='lat' dir='ltr'><strong>Socratici</strong></span> <span class='ocrx_word' id='word_1_68' title='bbox 1137 1184 1240 1249; x_wconf 70' lang='lat' dir='ltr'><strong>prae·</strong></span> <span class='ocrx_word' id='word_1_69' title='bbox 1275 1185 1281 1197; x_wconf 83' lang='grc'><em>·</em></span> 
     </span>
     <span class='ocr_line' id='line_1_10' title="bbox 204 1266 1283 1347; baseline 0 -20"><span class='ocrx_word' id='word_1_70' title='bbox 204 1271 322 1347; x_wconf 87' lang='lat' dir='ltr'><strong>parant.</strong></span> <span class='ocrx_word' id='word_1_71' title='bbox 339 1266 398 1325; x_wconf 84' lang='lat' dir='ltr'><strong>Sed</strong></span> <span class='ocrx_word' id='word_1_72' title='bbox 416 1266 464 1324; x_wconf 92' lang='lat' dir='ltr'><strong>his</strong></span> <span class='ocrx_word' id='word_1_73' title='bbox 478 1284 598 1343; x_wconf 87' lang='lat' dir='ltr'><strong>quoque</strong></span> <span class='ocrx_word' id='word_1_74' title='bbox 614 1266 823 1325; x_wconf 90' lang='lat' dir='ltr'><strong>adhibendum</strong></span> <span class='ocrx_word' id='word_1_75' title='bbox 839 1272 885 1325; x_wconf 88' lang='lat' dir='ltr'><strong>est</strong></span> <span class='ocrx_word' id='word_1_76' title='bbox 900 1266 999 1326; x_wconf 89' lang='lat' dir='ltr'><strong>simile</strong></span> <span class='ocrx_word' id='word_1_77' title='bbox 1005 1267 1170 1346; x_wconf 84' lang='lat' dir='ltr'><strong>judicium,</strong></span> <span class='ocrx_word' id='word_1_78' title='bbox 1188 1273 1222 1327; x_wconf 90' lang='lat' dir='ltr'><strong>ut</strong></span> <span class='ocrx_word' id='word_1_79' title='bbox 1243 1267 1283 1327; x_wconf 89' lang='grc'><strong>36</strong></span> 
     </span>
    </p>
   </div>
   <div class='ocr_carea' id='block_1_3' title="bbox 194 1438 1302 4443">
    <p class='ocr_par' dir='ltr' id='par_1_4' title="bbox 208 1438 1288 1582">
     <span class='ocr_line' id='line_1_11' title="bbox 208 1438 1287 1513; baseline 0.001 -19"><span class='ocrx_word' id='word_1_80' title='bbox 208 1443 279 1513; x_wconf 87' lang='lat' dir='ltr'><strong>part</strong></span> <span class='ocrx_word' id='word_1_81' title='bbox 302 1440 347 1507; x_wconf 89' lang='lat' dir='ltr'><strong>Il,</strong></span> <span class='ocrx_word' id='word_1_82' title='bbox 372 1440 400 1508; x_wconf 76' lang='lat'><strong>5,</strong></span> <span class='ocrx_word' id='word_1_83' title='bbox 421 1440 472 1494; x_wconf 75' lang='lat'><strong>21:</strong></span> <span class='ocrx_word' id='word_1_84' title='bbox 500 1442 722 1510; x_wconf 80' lang='lat' dir='ltr'><strong>Anttqmlults</strong></span> <span class='ocrx_word' id='word_1_85' title='bbox 772 1440 844 1495; x_wconf 87' lang='lat' dir='ltr'><strong>bien</strong></span> <span class='ocrx_word' id='word_1_86' title='bbox 870 1438 1017 1494; x_wconf 86' lang='lat' dir='ltr'><strong>formuler</strong></span> <span class='ocrx_word' id='word_1_87' title='bbox 1038 1438 1287 1512; x_wconf 86' lang='lat' dir='ltr'><strong>laplainteoon-</strong></span> 
     </span>
     <span class='ocr_line' id='line_1_12' title="bbox 210 1511 1288 1582; baseline -0.002 -15"><span class='ocrx_word' id='word_1_88' title='bbox 210 1514 337 1567; x_wconf 84' lang='lat' dir='ltr'><strong>nlmtus</strong></span> <span class='ocrx_word' id='word_1_89' title='bbox 359 1512 557 1567; x_wconf 77' lang='lat' dir='ltr'><strong>admirator.</strong></span> <span class='ocrx_word' id='word_1_90' title='bbox 773 1512 876 1566; x_wconf 75' lang='lat' dir='ltr'><strong>traice.</strong></span> <span class='ocrx_word' id='word_1_91' title='bbox 899 1512 1004 1577; x_wconf 82' lang='lat' dir='ltr'><strong>Quint.</strong></span> <span class='ocrx_word' id='word_1_92' title='bbox 1033 1511 1288 1582; x_wconf 76' lang='lat' dir='ltr'><strong>developpalon—</strong></span> 
     </span>
    </p>

    <p class='ocr_par' dir='ltr' id='par_1_5' title="bbox 209 1582 1294 3078">
     <span class='ocr_line' id='line_1_13' title="bbox 245 1582 1285 1654; baseline 0 -17"><span class='ocrx_word' id='word_1_93' title='bbox 245 1585 311 1639; x_wconf 89' lang='lat' dir='ltr'><strong>Hoc</strong></span> <span class='ocrx_word' id='word_1_94' title='bbox 328 1584 530 1651; x_wconf 78' lang='lat' dir='ltr'><strong>potentiora.</strong></span> <span class='ocrx_word' id='word_1_95' title='bbox 548 1583 587 1637; x_wconf 85' lang='lat' dir='ltr'><strong>cf.</strong></span> <span class='ocrx_word' id='word_1_96' title='bbox 603 1582 659 1650; x_wconf 96' lang='grc' dir='ltr'>ΙΙΙ,</span> <span class='ocrx_word' id='word_1_97' title='bbox 676 1584 721 1651; x_wconf 93' lang='grc'><strong>11,</strong></span> <span class='ocrx_word' id='word_1_98' title='bbox 773 1585 1006 1654; x_wconf 82' lang='lat' dir='ltr'><strong>guementcstte</strong></span> <span class='ocrx_word' id='word_1_99' title='bbox 1019 1582 1285 1649; x_wconf 78' lang='lat' dir='ltr'><strong>theseLProoem.</strong></span> 
     </span>
     <span class='ocr_line' id='line_1_14' title="bbox 209 1653 1288 1725; baseline -0.002 -15"><span class='ocrx_word' id='word_1_100' title='bbox 209 1654 264 1710; x_wconf 82' lang='lat'><strong>37:</strong></span> <span class='ocrx_word' id='word_1_101' title='bbox 286 1656 487 1709; x_wconf 66' lang='lat' dir='ltr'><strong>&#39;testimonia</strong></span> <span class='ocrx_word' id='word_1_102' title='bbox 502 1659 582 1709; x_wconf 88' lang='lat' dir='ltr'><strong>sunt</strong></span> <span class='ocrx_word' id='word_1_103' title='bbox 596 1660 721 1713; x_wconf 78' lang='lat' dir='ltr'><strong>enlm...</strong></span> <span class='ocrx_word' id='word_1_104' title='bbox 772 1654 846 1709; x_wconf 79' lang='lat' dir='ltr'><strong>u-ls</strong></span> <span class='ocrx_word' id='word_1_105' title='bbox 855 1670 864 1723; x_wconf 83' lang='lat'>;</span> <span class='ocrx_word' id='word_1_106' title='bbox 881 1654 904 1708; x_wconf 92' lang='lat' dir='ltr'><strong>il</strong></span> <span class='ocrx_word' id='word_1_107' title='bbox 929 1670 961 1709; x_wconf 85' lang='lat' dir='ltr'><strong>aa</strong></span> <span class='ocrx_word' id='word_1_108' title='bbox 976 1653 1063 1725; x_wconf 87' lang='lat' dir='ltr'><strong>plaoe</strong></span> <span class='ocrx_word' id='word_1_109' title='bbox 1087 1670 1126 1708; x_wconf 89' lang='lat' dir='ltr'><strong>au</strong></span> <span class='ocrx_word' id='word_1_110' title='bbox 1148 1655 1236 1725; x_wconf 90' lang='lat' dir='ltr'><strong>point</strong></span> <span class='ocrx_word' id='word_1_111' title='bbox 1251 1653 1288 1709; x_wconf 89' lang='lat' dir='ltr'><strong>de</strong></span> 
     </span>
     <span class='ocr_line' id='line_1_15' title="bbox 210 1724 1288 1797; baseline 0 -18"><span class='ocrx_word' id='word_1_112' title='bbox 210 1728 261 1781; x_wconf 87' lang='lat' dir='ltr'><strong>oet</strong></span> <span class='ocrx_word' id='word_1_113' title='bbox 283 1740 482 1781; x_wconf 75' lang='lat' dir='ltr'><strong>nornnmona</strong></span> <span class='ocrx_word' id='word_1_114' title='bbox 507 1728 620 1793; x_wconf 86' lang='lat' dir='ltr'><strong>etlam,</strong></span> <span class='ocrx_word' id='word_1_115' title='bbox 638 1728 723 1796; x_wconf 82' lang='lat' dir='ltr'><strong>quod</strong></span> <span class='ocrx_word' id='word_1_116' title='bbox 774 1742 834 1782; x_wconf 89' lang='lat' dir='ltr'><strong>vue</strong></span> <span class='ocrx_word' id='word_1_117' title='bbox 850 1724 886 1780; x_wconf 92' lang='lat' dir='ltr'><strong>de</strong></span> <span class='ocrx_word' id='word_1_118' title='bbox 902 1740 957 1780; x_wconf 87' lang='lat' dir='ltr'><strong>son</strong></span> <span class='ocrx_word' id='word_1_119' title='bbox 973 1729 1083 1797; x_wconf 84' lang='lat' dir='ltr'><strong>temps,</strong></span> <span class='ocrx_word' id='word_1_120' title='bbox 1095 1727 1135 1779; x_wconf 81' lang='lat' dir='ltr'><strong>ori</strong></span> <span class='ocrx_word' id='word_1_121' title='bbox 1150 1725 1288 1797; x_wconf 91' lang='lat' dir='ltr'><strong>laphilo-</strong></span> 
     </span>
     <span class='ocr_line' id='line_1_16' title="bbox 211 1796 1289 1869; baseline -0.001 -17"><span class='ocrx_word' id='word_1_122' title='bbox 211 1813 276 1852; x_wconf 91' lang='lat' dir='ltr'><strong>non</strong></span> <span class='ocrx_word' id='word_1_123' title='bbox 314 1799 424 1852; x_wconf 77' lang='lat' dir='ltr'><strong>causis</strong></span> <span class='ocrx_word' id='word_1_124' title='bbox 472 1800 724 1853; x_wconf 77' lang='lat' dir='ltr'><strong>adcommodata</strong></span> <span class='ocrx_word' id='word_1_125' title='bbox 775 1798 883 1869; x_wconf 88' lang='lat' dir='ltr'><strong>sophie</strong></span> <span class='ocrx_word' id='word_1_126' title='bbox 926 1800 956 1851; x_wconf 90' lang='lat' dir='ltr'><strong>at</strong></span> <span class='ocrx_word' id='word_1_127' title='bbox 996 1796 1041 1851; x_wconf 85' lang='lat' dir='ltr'><strong>les</strong></span> <span class='ocrx_word' id='word_1_128' title='bbox 1087 1796 1289 1869; x_wconf 83' lang='lat' dir='ltr'><strong>philosophos</strong></span> 
     </span>
     <span class='ocr_line' id='line_1_17' title="bbox 211 1867 1288 1941; baseline -0.002 -17"><span class='ocrx_word' id='word_1_129' title='bbox 211 1874 300 1937; x_wconf 81' lang='lat' dir='ltr'><strong>sunl,</strong></span> <span class='ocrx_word' id='word_1_130' title='bbox 317 1871 374 1924; x_wconf 87' lang='lat' dir='ltr'><strong>sed</strong></span> <span class='ocrx_word' id='word_1_131' title='bbox 392 1870 581 1923; x_wconf 80' lang='lat' dir='ltr'><strong>liherisonio</strong></span> <span class='ocrx_word' id='word_1_132' title='bbox 596 1885 635 1923; x_wconf 80' lang='lat' dir='ltr'><strong>nr</strong></span> <span class='ocrx_word' id='word_1_133' title='bbox 650 1884 724 1924; x_wconf 73' lang='lat' dir='ltr'><strong>aas·</strong></span> <span class='ocrx_word' id='word_1_134' title='bbox 775 1869 891 1923; x_wconf 75' lang='lat' dir='ltr'><strong>etaient</strong></span> <span class='ocrx_word' id='word_1_135' title='bbox 914 1867 1141 1938; x_wconf 78' lang='lat' dir='ltr'><strong>generalement</strong></span> <span class='ocrx_word' id='word_1_136' title='bbox 1163 1884 1223 1941; x_wconf 89' lang='lat' dir='ltr'><strong>peu</strong></span> <span class='ocrx_word' id='word_1_137' title='bbox 1238 1884 1288 1923; x_wconf 89' lang='lat' dir='ltr'><strong>re-</strong></span> 
     </span>
     <span class='ocr_line' id='line_1_18' title="bbox 211 1938 1216 2008; baseline -0.001 -13"><span class='ocrx_word' id='word_1_138' title='bbox 211 1956 265 1995; x_wconf 73' lang='lat' dir='ltr'><strong>mn</strong></span> <span class='ocrx_word' id='word_1_139' title='bbox 298 1956 457 1995; x_wconf 77' lang='lat' dir='ltr'><strong>unn&#39;rrnus</strong></span> <span class='ocrx_word' id='word_1_140' title='bbox 492 1942 564 1995; x_wconf 81' lang='lat' dir='ltr'><strong>ideo</strong></span> <span class='ocrx_word' id='word_1_141' title='bbox 592 1945 724 1994; x_wconf 89' lang='lat' dir='ltr'><strong>tuntum</strong></span> <span class='ocrx_word' id='word_1_142' title='bbox 776 1938 1102 2008; x_wconf 78' lang='lat' dir='ltr'><strong>commandables3cf.</strong></span> <span class='ocrx_word' id='word_1_143' title='bbox 1118 1939 1159 1993; x_wconf 91' lang='lat' dir='ltr'><strong>ib.</strong></span> <span class='ocrx_word' id='word_1_144' title='bbox 1172 1940 1216 1994; x_wconf 84' lang='grc'><strong>15.</strong></span> 
     </span>
     <span class='ocr_line' id='line_1_19' title="bbox 212 2010 1289 2081; baseline -0.002 -15"><span class='ocrx_word' id='word_1_145' title='bbox 212 2014 302 2066; x_wconf 80' lang='lat' dir='ltr'><strong>dicta</strong></span> <span class='ocrx_word' id='word_1_146' title='bbox 317 2012 485 2081; x_wconf 82' lang='lat' dir='ltr'><strong>factaque,</strong></span> <span class='ocrx_word' id='word_1_147' title='bbox 502 2014 582 2079; x_wconf 84' lang='lat' dir='ltr'><strong>qula</strong></span> <span class='ocrx_word' id='word_1_148' title='bbox 598 2017 659 2065; x_wconf 90' lang='lat' dir='ltr'><strong>aut</strong></span> <span class='ocrx_word' id='word_1_149' title='bbox 674 2013 725 2065; x_wconf 89' lang='lat' dir='ltr'><strong>ho·</strong></span> <span class='ocrx_word' id='word_1_150' title='bbox 812 2012 1099 2066; x_wconf 65' lang='lat' dir='ltr'><strong>altercationibus.</strong></span> <span class='ocrx_word' id='word_1_151' title='bbox 1111 2012 1152 2066; x_wconf 89' lang='lat' dir='ltr'><strong>Ce</strong></span> <span class='ocrx_word' id='word_1_152' title='bbox 1164 2013 1229 2066; x_wconf 88' lang='lat' dir='ltr'><strong>mot</strong></span> <span class='ocrx_word' id='word_1_153' title='bbox 1241 2010 1289 2065; x_wconf 78' lang='lat' dir='ltr'><strong>de·</strong></span> 
     </span>
     <span class='ocr_line' id='line_1_20' title="bbox 212 2082 1290 2154; baseline -0.002 -17"><span class='ocrx_word' id='word_1_154' title='bbox 212 2085 405 2138; x_wconf 82' lang='lat' dir='ltr'><strong>neslissima</strong></span> <span class='ocrx_word' id='word_1_155' title='bbox 419 2088 478 2137; x_wconf 91' lang='lat' dir='ltr'><strong>aut</strong></span> <span class='ocrx_word' id='word_1_156' title='bbox 491 2085 666 2138; x_wconf 77' lang='lat' dir='ltr'><strong>verisslma</strong></span> <span class='ocrx_word' id='word_1_157' title='bbox 681 2084 725 2136; x_wconf 84' lang='lat' dir='ltr'><strong>ol·</strong></span> <span class='ocrx_word' id='word_1_158' title='bbox 777 2083 863 2153; x_wconf 70' lang='lat' dir='ltr'><strong>signe</strong></span> <span class='ocrx_word' id='word_1_159' title='bbox 876 2082 920 2137; x_wconf 90' lang='lat' dir='ltr'><strong>les</strong></span> <span class='ocrx_word' id='word_1_160' title='bbox 929 2082 1084 2153; x_wconf 74' lang='lat' dir='ltr'><strong>repliques</strong></span> <span class='ocrx_word' id='word_1_161' title='bbox 1098 2083 1227 2154; x_wconf 78' lang='lat' dir='ltr'><strong>coupees</strong></span> <span class='ocrx_word' id='word_1_162' title='bbox 1237 2082 1290 2135; x_wconf 89' lang='lat' dir='ltr'><strong>des</strong></span> 
     </span>
     <span class='ocr_line' id='line_1_21' title="bbox 212 2152 1290 2225; baseline -0.002 -16"><span class='ocrx_word' id='word_1_163' title='bbox 212 2157 386 2209; x_wconf 82' lang='lat' dir='ltr'><strong>dabantur.</strong></span> <span class='ocrx_word' id='word_1_164' title='bbox 414 2154 590 2225; x_wconf 83' lang='lat' dir='ltr'><strong>Ilpourrait</strong></span> <span class='ocrx_word' id='word_1_165' title='bbox 605 2154 676 2209; x_wconf 85' lang='lat' dir='ltr'><strong>bien</strong></span> <span class='ocrx_word' id='word_1_166' title='bbox 706 2170 726 2224; x_wconf 91' lang='lat' dir='ltr'><strong>y</strong></span> <span class='ocrx_word' id='word_1_167' title='bbox 777 2159 916 2209; x_wconf 80' lang='lat' dir='ltr'><strong>cratonis</strong></span> <span class='ocrx_word' id='word_1_168' title='bbox 963 2154 1214 2225; x_wconf 87' lang='lat' dir='ltr'><strong>s&#39;interrompant</strong></span> <span class='ocrx_word' id='word_1_169' title='bbox 1246 2152 1290 2207; x_wconf 92' lang='lat' dir='ltr'><strong>les</strong></span> 
     </span>
     <span class='ocr_line' id='line_1_22' title="bbox 213 2225 1291 2298; baseline -0.001 -18"><span class='ocrx_word' id='word_1_170' title='bbox 213 2226 313 2293; x_wconf 84' lang='lat' dir='ltr'><strong>avoir,</strong></span> <span class='ocrx_word' id='word_1_171' title='bbox 342 2226 418 2279; x_wconf 85' lang='lat' dir='ltr'><strong>dans</strong></span> <span class='ocrx_word' id='word_1_172' title='bbox 442 2225 641 2296; x_wconf 82' lang='lat' dir='ltr'><strong>l&#39;expression</strong></span> <span class='ocrx_word' id='word_1_173' title='bbox 666 2226 727 2280; x_wconf 78' lang='lat' dir='ltr'><strong>rei-</strong></span> <span class='ocrx_word' id='word_1_174' title='bbox 778 2242 838 2280; x_wconf 87' lang='lat' dir='ltr'><strong>uns</strong></span> <span class='ocrx_word' id='word_1_175' title='bbox 862 2226 905 2280; x_wconf 86' lang='lat' dir='ltr'><strong>les</strong></span> <span class='ocrx_word' id='word_1_176' title='bbox 930 2229 1043 2279; x_wconf 85' lang='lat' dir='ltr'><strong>autres.</strong></span> <span class='ocrx_word' id='word_1_177' title='bbox 1071 2225 1097 2279; x_wconf 95' lang='lat' dir='ltr'><strong>Il</strong></span> <span class='ocrx_word' id='word_1_178' title='bbox 1117 2226 1291 2298; x_wconf 81' lang='lat' dir='ltr'><strong>s&#39;opposea</strong></span> 
     </span>
     <span class='ocr_line' id='line_1_23' title="bbox 213 2296 1289 2369; baseline 0 -18"><span class='ocrx_word' id='word_1_179' title='bbox 213 2298 293 2352; x_wconf 76' lang='lat' dir='ltr'><strong>te&#39;ree</strong></span> <span class='ocrx_word' id='word_1_180' title='bbox 320 2296 356 2352; x_wconf 90' lang='lat' dir='ltr'><strong>da</strong></span> <span class='ocrx_word' id='word_1_181' title='bbox 393 2300 471 2353; x_wconf 85' lang='lat' dir='ltr'><strong>cette</strong></span> <span class='ocrx_word' id='word_1_182' title='bbox 510 2298 621 2369; x_wconf 81' lang='lat' dir='ltr'><strong>penses</strong></span> <span class='ocrx_word' id='word_1_183' title='bbox 654 2298 726 2352; x_wconf 89' lang='lat' dir='ltr'><strong>chaz</strong></span> <span class='ocrx_word' id='word_1_184' title='bbox 777 2300 884 2352; x_wconf 83' lang='lat' dir='ltr'><strong>oratio</strong></span> <span class='ocrx_word' id='word_1_185' title='bbox 911 2300 1082 2352; x_wconf 84' lang='lat' dir='ltr'><strong>continua.</strong></span> <span class='ocrx_word' id='word_1_186' title='bbox 1116 2297 1221 2363; x_wconf 84' lang='lat' dir='ltr'><strong>Quint.</strong></span> <span class='ocrx_word' id='word_1_187' title='bbox 1251 2312 1289 2351; x_wconf 87' lang='lat' dir='ltr'><strong>en</strong></span> 
     </span>
     <span class='ocr_line' id='line_1_24' title="bbox 213 2367 1290 2438; baseline -0.003 -15"><span class='ocrx_word' id='word_1_188' title='bbox 213 2369 317 2434; x_wconf 89' lang='lat' dir='ltr'><strong>Quint.</strong></span> <span class='ocrx_word' id='word_1_189' title='bbox 349 2385 391 2422; x_wconf 91' lang='lat' dir='ltr'><strong>un</strong></span> <span class='ocrx_word' id='word_1_190' title='bbox 428 2370 573 2423; x_wconf 86' lang='lat' dir='ltr'><strong>souvenir</strong></span> <span class='ocrx_word' id='word_1_191' title='bbox 600 2369 641 2423; x_wconf 88' lang='lat' dir='ltr'><strong>du</strong></span> <span class='ocrx_word' id='word_1_192' title='bbox 665 2384 726 2437; x_wconf 78' lang='lat' dir='ltr'><strong>pro</strong></span> <span class='ocrx_word' id='word_1_193' title='bbox 779 2367 1290 2438; x_wconf 74' lang='lat' dir='ltr'><strong>traiteaulivre&#39;V‚4:qutclquld</strong></span> 
     </span>
     <span class='ocr_line' id='line_1_25' title="bbox 213 2437 1292 2511; baseline 0 -18"><span class='ocrx_word' id='word_1_194' title='bbox 213 2442 379 2495; x_wconf 86' lang='lat' dir='ltr'><strong>Marcello.</strong></span> <span class='ocrx_word' id='word_1_195' title='bbox 403 2440 530 2494; x_wconf 76' lang='lat' dir='ltr'><strong>Ciceron</strong></span> <span class='ocrx_word' id='word_1_196' title='bbox 546 2457 566 2510; x_wconf 90' lang='lat' dir='ltr'><strong>y</strong></span> <span class='ocrx_word' id='word_1_197' title='bbox 582 2440 727 2495; x_wconf 67' lang='grc' dir='ltr'>(1113Οέ-</span> <span class='ocrx_word' id='word_1_198' title='bbox 779 2442 815 2494; x_wconf 83' lang='lat' dir='ltr'><strong>tn</strong></span> <span class='ocrx_word' id='word_1_199' title='bbox 836 2442 964 2495; x_wconf 82' lang='lat' dir='ltr'><strong>actione</strong></span> <span class='ocrx_word' id='word_1_200' title='bbox 976 2446 1139 2507; x_wconf 79' lang='lat' dir='ltr'><strong>perpetuu</strong></span> <span class='ocrx_word' id='word_1_201' title='bbox 1160 2440 1249 2511; x_wconf 83' lang='lat' dir='ltr'><strong>(dans</strong></span> <span class='ocrx_word' id='word_1_202' title='bbox 1264 2437 1292 2493; x_wconf 87' lang='lat' dir='ltr'><strong>le</strong></span> 
     </span>
     <span class='ocr_line' id='line_1_26' title="bbox 214 2511 1293 2581; baseline 0 -16"><span class='ocrx_word' id='word_1_203' title='bbox 214 2527 265 2566; x_wconf 86' lang='lat' dir='ltr'><strong>sar</strong></span> <span class='ocrx_word' id='word_1_204' title='bbox 287 2512 325 2581; x_wconf 81' lang='lat'><strong>(9,</strong></span> <span class='ocrx_word' id='word_1_205' title='bbox 349 2511 413 2581; x_wconf 62' lang='lat' dir='ltr'><strong>hul:</strong></span> <span class='ocrx_word' id='word_1_206' title='bbox 440 2514 532 2565; x_wconf 79' lang='lat' dir='ltr'><strong>Servi</strong></span> <span class='ocrx_word' id='word_1_207' title='bbox 555 2514 598 2565; x_wconf 87' lang='lat' dir='ltr'><strong>tls</strong></span> <span class='ocrx_word' id='word_1_208' title='bbox 625 2514 727 2567; x_wconf 82' lang='lat' dir='ltr'><strong>ettam</strong></span> <span class='ocrx_word' id='word_1_209' title='bbox 778 2511 916 2566; x_wconf 83' lang='lat' dir='ltr'><strong>discours</strong></span> <span class='ocrx_word' id='word_1_210' title='bbox 941 2512 1033 2581; x_wconf 79' lang='lat' dir='ltr'><strong>snivi)</strong></span> <span class='ocrx_word' id='word_1_211' title='bbox 1060 2514 1151 2567; x_wconf 80' lang='lat' dir='ltr'><strong>circa</strong></span> <span class='ocrx_word' id='word_1_212' title='bbox 1171 2512 1293 2579; x_wconf 81' lang='lat' dir='ltr'><strong>probu-</strong></span> 
     </span>
     <span class='ocr_line' id='line_1_27' title="bbox 209 2584 1291 2652; baseline -0.001 -16"><span class='ocrx_word' id='word_1_213' title='bbox 209 2584 400 2650; x_wconf 79' lang='lat' dir='ltr'><strong>judicibus,</strong></span> <span class='ocrx_word' id='word_1_214' title='bbox 431 2584 488 2652; x_wconf 83' lang='lat' dir='ltr'><strong>qut</strong></span> <span class='ocrx_word' id='word_1_215' title='bbox 519 2585 634 2637; x_wconf 78' lang='lat' dir='ltr'><strong>multis</strong></span> <span class='ocrx_word' id='word_1_216' title='bbox 654 2588 728 2651; x_wconf 78' lang='lat' dir='ltr'><strong>post</strong></span> <span class='ocrx_word' id='word_1_217' title='bbox 781 2584 885 2638; x_wconf 81' lang='lat' dir='ltr'><strong>tiones</strong></span> <span class='ocrx_word' id='word_1_218' title='bbox 902 2584 985 2636; x_wconf 85' lang='lat' dir='ltr'><strong>utile</strong></span> <span class='ocrx_word' id='word_1_219' title='bbox 1001 2587 1059 2648; x_wconf 91' lang='lat' dir='ltr'><strong>est,</strong></span> <span class='ocrx_word' id='word_1_220' title='bbox 1076 2585 1164 2637; x_wconf 74' lang='lat' dir='ltr'><strong>talem</strong></span> <span class='ocrx_word' id='word_1_221' title='bbox 1179 2585 1291 2636; x_wconf 74' lang='lat' dir='ltr'><strong>inuno</strong></span> 
     </span>
     <span class='ocr_line' id='line_1_28' title="bbox 214 2655 1293 2722; baseline -0.003 -13"><span class='ocrx_word' id='word_1_222' title='bbox 214 2655 357 2709; x_wconf 80' lang='lat' dir='ltr'><strong>saeculis</strong></span> <span class='ocrx_word' id='word_1_223' title='bbox 384 2656 423 2707; x_wconf 78' lang='lat' dir='ltr'><strong>cte</strong></span> <span class='ocrx_word' id='word_1_224' title='bbox 441 2656 682 2721; x_wconf 81' lang='lat' dir='ltr'><strong>tejucttcalrunt</strong></span> <span class='ocrx_word' id='word_1_225' title='bbox 698 2660 728 2708; x_wconf 91' lang='lat' dir='ltr'><strong>et</strong></span> <span class='ocrx_word' id='word_1_226' title='bbox 779 2670 873 2709; x_wconf 79' lang='lat' dir='ltr'><strong>snnvi</strong></span> <span class='ocrx_word' id='word_1_227' title='bbox 902 2670 1006 2716; x_wconf 71' lang='lat' dir='ltr'><strong>eroon</strong></span> <span class='ocrx_word' id='word_1_228' title='bbox 1034 2669 1163 2710; x_wconf 72' lang='lat' dir='ltr'><strong>conciso.</strong></span> <span class='ocrx_word' id='word_1_229' title='bbox 1185 2656 1293 2722; x_wconf 75' lang='lat' dir='ltr'><strong>prosit</strong></span> 
     </span>
     <span class='ocr_line' id='line_1_29' title="bbox 216 2724 1291 2795; baseline -0.001 -16"><span class='ocrx_word' id='word_1_230' title='bbox 216 2727 349 2795; x_wconf 79' lang='lat' dir='ltr'><strong>quidem</strong></span> <span class='ocrx_word' id='word_1_231' title='bbox 365 2726 455 2779; x_wconf 85' lang='lat' dir='ltr'><strong>hana</strong></span> <span class='ocrx_word' id='word_1_232' title='bbox 481 2727 546 2779; x_wconf 85' lang='lat' dir='ltr'><strong>selo</strong></span> <span class='ocrx_word' id='word_1_233' title='bbox 562 2740 606 2779; x_wconf 91' lang='lat' dir='ltr'><strong>an</strong></span> <span class='ocrx_word' id='word_1_234' title='bbox 623 2740 729 2781; x_wconf 78' lang='lat' dir='ltr'><strong>innon·</strong></span> <span class='ocrx_word' id='word_1_235' title='bbox 780 2741 908 2781; x_wconf 87' lang='lat' dir='ltr'><strong>necesse</strong></span> <span class='ocrx_word' id='word_1_236' title='bbox 933 2730 990 2780; x_wconf 87' lang='lat' dir='ltr'><strong>est.</strong></span> <span class='ocrx_word' id='word_1_237' title='bbox 1007 2724 1055 2780; x_wconf 86' lang='lat' dir='ltr'><strong>Cf.</strong></span> <span class='ocrx_word' id='word_1_238' title='bbox 1079 2726 1188 2781; x_wconf 79' lang='lat' dir='ltr'><strong>Tauro.</strong></span> <span class='ocrx_word' id='word_1_239' title='bbox 1204 2726 1291 2779; x_wconf 85' lang='lat' dir='ltr'><strong>Dial.</strong></span> 
     </span>
     <span class='ocr_line' id='line_1_30' title="bbox 215 2798 1292 2866; baseline -0.001 -15"><span class='ocrx_word' id='word_1_240' title='bbox 215 2812 351 2852; x_wconf 74' lang='lat' dir='ltr'><strong>noerius</strong></span> <span class='ocrx_word' id='word_1_241' title='bbox 375 2811 476 2866; x_wconf 81' lang='lat' dir='ltr'><strong>quam</strong></span> <span class='ocrx_word' id='word_1_242' title='bbox 500 2811 578 2851; x_wconf 88' lang='lat' dir='ltr'><strong>nos:</strong></span> <span class='ocrx_word' id='word_1_243' title='bbox 604 2812 683 2851; x_wconf 89' lang='lat' dir='ltr'><strong>nam</strong></span> <span class='ocrx_word' id='word_1_244' title='bbox 699 2801 729 2851; x_wconf 87' lang='lat' dir='ltr'><strong>et</strong></span> <span class='ocrx_word' id='word_1_245' title='bbox 778 2798 815 2851; x_wconf 83' lang='grc'><strong>31</strong></span> <span class='ocrx_word' id='word_1_246' title='bbox 827 2812 834 2852; x_wconf 92' lang='lat'>:</span> <span class='ocrx_word' id='word_1_247' title='bbox 847 2802 883 2851; x_wconf 91' lang='lat' dir='ltr'><strong>ul</strong></span> <span class='ocrx_word' id='word_1_248' title='bbox 899 2812 1152 2852; x_wconf 76' lang='lat' dir='ltr'><strong>anruaanrronns</strong></span> <span class='ocrx_word' id='word_1_249' title='bbox 1167 2811 1292 2866; x_wconf 80' lang='lat' dir='ltr'><strong>quoque</strong></span> 
     </span>
     <span class='ocr_line' id='line_1_31' title="bbox 216 2869 1290 2936; baseline -0.001 -14"><span class='ocrx_word' id='word_1_250' title='bbox 216 2870 288 2923; x_wconf 87' lang='lat' dir='ltr'><strong>stne</strong></span> <span class='ocrx_word' id='word_1_251' title='bbox 316 2883 423 2923; x_wconf 78' lang='lat' dir='ltr'><strong>anons</strong></span> <span class='ocrx_word' id='word_1_252' title='bbox 450 2872 482 2922; x_wconf 89' lang='lat' dir='ltr'><strong>et</strong></span> <span class='ocrx_word' id='word_1_253' title='bbox 507 2870 579 2923; x_wconf 85' lang='lat' dir='ltr'><strong>stne</strong></span> <span class='ocrx_word' id='word_1_254' title='bbox 604 2870 729 2936; x_wconf 72' lang='lat' dir='ltr'><strong>cupitli-</strong></span> <span class='ocrx_word' id='word_1_255' title='bbox 780 2870 928 2935; x_wconf 70' lang='lat' dir='ltr'><strong>enatuere</strong></span> <span class='ocrx_word' id='word_1_256' title='bbox 949 2873 1115 2923; x_wconf 80' lang='lat' dir='ltr'><strong>etsuanns</strong></span> <span class='ocrx_word' id='word_1_257' title='bbox 1132 2869 1290 2922; x_wconf 80' lang='lat' dir='ltr'><strong>interesse</strong></span> 
     </span>
     <span class='ocr_line' id='line_1_32' title="bbox 218 2940 1294 3009; baseline 0 -16"><span class='ocrx_word' id='word_1_258' title='bbox 218 2944 284 2994; x_wconf 86' lang='lat' dir='ltr'><strong>tate</strong></span> <span class='ocrx_word' id='word_1_259' title='bbox 310 2944 342 2994; x_wconf 89' lang='lat' dir='ltr'><strong>et</strong></span> <span class='ocrx_word' id='word_1_260' title='bbox 365 2956 485 2995; x_wconf 88' lang='lat' dir='ltr'><strong>rursus</strong></span> <span class='ocrx_word' id='word_1_261' title='bbox 510 2942 582 2995; x_wconf 85' lang='lat' dir='ltr'><strong>stne</strong></span> <span class='ocrx_word' id='word_1_262' title='bbox 607 2955 682 2995; x_wconf 81' lang='lat' dir='ltr'><strong>omo</strong></span> <span class='ocrx_word' id='word_1_263' title='bbox 698 2944 729 2995; x_wconf 88' lang='lat' dir='ltr'><strong>et</strong></span> <span class='ocrx_word' id='word_1_264' title='bbox 781 2945 812 2994; x_wconf 88' lang='lat' dir='ltr'><strong>ct</strong></span> <span class='ocrx_word' id='word_1_265' title='bbox 839 2954 988 3009; x_wconf 74' lang='lat' dir='ltr'><strong>puynare</strong></span> <span class='ocrx_word' id='word_1_266' title='bbox 1010 2941 1047 2993; x_wconf 82' lang='lat' dir='ltr'><strong>tn</strong></span> <span class='ocrx_word' id='word_1_267' title='bbox 1064 2941 1195 3007; x_wconf 83' lang='lat' dir='ltr'><strong>praello</strong></span> <span class='ocrx_word' id='word_1_268' title='bbox 1222 2940 1294 2993; x_wconf 79' lang='lat' dir='ltr'><strong>alts-</strong></span> 
     </span>
     <span class='ocr_line' id='line_1_33' title="bbox 216 3012 878 3078; baseline 0.003 -13"><span class='ocrx_word' id='word_1_269' title='bbox 216 3012 289 3065; x_wconf 87' lang='lat' dir='ltr'><strong>stne</strong></span> <span class='ocrx_word' id='word_1_270' title='bbox 306 3013 437 3065; x_wconf 74' lang='lat' dir='ltr'><strong>inoleta</strong></span> <span class='ocrx_word' id='word_1_271' title='bbox 447 3012 662 3078; x_wconf 83' lang='lat' dir='ltr'><strong>jnallcahunt.</strong></span> <span class='ocrx_word' id='word_1_272' title='bbox 781 3016 878 3067; x_wconf 84' lang='lat' dir='ltr'><strong>cerel.</strong></span> 
     </span>
    </p>

    <p class='ocr_par' dir='ltr' id='par_1_6' title="bbox 194 3080 1299 4010">
     <span class='ocr_line' id='line_1_34' title="bbox 252 3080 1290 3151; baseline -0.001 -15"><span class='ocrx_word' id='word_1_273' title='bbox 252 3082 297 3137; x_wconf 75' lang='grc'><strong>35.</strong></span> <span class='ocrx_word' id='word_1_274' title='bbox 315 3083 597 3151; x_wconf 79' lang='lat' dir='ltr'><strong>Philosophorum.</strong></span> <span class='ocrx_word' id='word_1_275' title='bbox 627 3082 686 3139; x_wconf 85' lang='lat' dir='ltr'><strong>Sur</strong></span> <span class='ocrx_word' id='word_1_276' title='bbox 699 3080 730 3135; x_wconf 83' lang='lat' dir='ltr'><strong>la</strong></span> <span class='ocrx_word' id='word_1_277' title='bbox 817 3083 986 3137; x_wconf 81' lang='lat' dir='ltr'><strong>Socratici.</strong></span> <span class='ocrx_word' id='word_1_278' title='bbox 1014 3080 1136 3148; x_wconf 88' lang='lat' dir='ltr'><strong>Platon,</strong></span> <span class='ocrx_word' id='word_1_279' title='bbox 1158 3081 1290 3136; x_wconf 88' lang='lat' dir='ltr'><strong>Eschine</strong></span> 
     </span>
     <span class='ocr_line' id='line_1_35' title="bbox 217 3152 1293 3225; baseline -0.001 -18"><span class='ocrx_word' id='word_1_280' title='bbox 217 3153 360 3225; x_wconf 86' lang='lat' dir='ltr'><strong>question</strong></span> <span class='ocrx_word' id='word_1_281' title='bbox 382 3154 435 3208; x_wconf 85' lang='lat' dir='ltr'><strong>des</strong></span> <span class='ocrx_word' id='word_1_282' title='bbox 458 3160 599 3225; x_wconf 86' lang='lat' dir='ltr'><strong>rapports</strong></span> <span class='ocrx_word' id='word_1_283' title='bbox 624 3154 660 3209; x_wconf 90' lang='lat' dir='ltr'><strong>de</strong></span> <span class='ocrx_word' id='word_1_284' title='bbox 675 3152 731 3207; x_wconf 74' lang='lat' dir='ltr'><strong>l&#39;t-</strong></span> <span class='ocrx_word' id='word_1_285' title='bbox 780 3152 1293 3225; x_wconf 70' lang='lat' dir='ltr'><strong>lesocratiquellenophon,a-a&#39;a-d.</strong></span> 
     </span>
     <span class='ocr_line' id='line_1_36' title="bbox 194 3224 1294 3309; baseline -0.001 -29"><span class='ocrx_word' id='word_1_286' title='bbox 194 3232 199 3241; x_wconf 90' lang='lat'>&#39;</span> <span class='ocrx_word' id='word_1_287' title='bbox 217 3225 363 3296; x_wconf 75' lang='lat' dir='ltr'><strong>loquente</strong></span> <span class='ocrx_word' id='word_1_288' title='bbox 379 3240 451 3280; x_wconf 83' lang='lat' dir='ltr'><strong>avec</strong></span> <span class='ocrx_word' id='word_1_289' title='bbox 474 3224 505 3279; x_wconf 91' lang='lat' dir='ltr'><strong>la</strong></span> <span class='ocrx_word' id='word_1_290' title='bbox 526 3225 729 3309; x_wconf 81' lang='lat' dir='ltr'><strong>philosophie,</strong></span> <span class='ocrx_word' id='word_1_291' title='bbox 781 3225 825 3280; x_wconf 87' lang='lat' dir='ltr'><strong>les</strong></span> <span class='ocrx_word' id='word_1_292' title='bbox 836 3225 978 3297; x_wconf 77' lang='lat' dir='ltr'><strong>‹lisoiplos</strong></span> <span class='ocrx_word' id='word_1_293' title='bbox 987 3229 1102 3279; x_wconf 85' lang='lat' dir='ltr'><strong>memes</strong></span> <span class='ocrx_word' id='word_1_294' title='bbox 1113 3225 1149 3279; x_wconf 89' lang='lat' dir='ltr'><strong>de</strong></span> <span class='ocrx_word' id='word_1_295' title='bbox 1160 3224 1294 3290; x_wconf 86' lang='lat' dir='ltr'><strong>Socrate,</strong></span> 
     </span>
     <span class='ocr_line' id='line_1_37' title="bbox 216 3295 1295 3368; baseline 0 -17"><span class='ocrx_word' id='word_1_296' title='bbox 216 3296 240 3351; x_wconf 89' lang='lat' dir='ltr'><strong>il</strong></span> <span class='ocrx_word' id='word_1_297' title='bbox 273 3297 341 3351; x_wconf 85' lang='lat' dir='ltr'><strong>faut</strong></span> <span class='ocrx_word' id='word_1_298' title='bbox 380 3297 519 3367; x_wconf 87' lang='lat' dir='ltr'><strong>toujours</strong></span> <span class='ocrx_word' id='word_1_299' title='bbox 557 3312 677 3351; x_wconf 87' lang='lat' dir='ltr'><strong>revemr</strong></span> <span class='ocrx_word' id='word_1_300' title='bbox 712 3296 730 3351; x_wconf 75' lang='lat' dir='ltr'><strong>a</strong></span> <span class='ocrx_word' id='word_1_301' title='bbox 782 3298 835 3368; x_wconf 93' lang='lat' dir='ltr'><strong>qui</strong></span> <span class='ocrx_word' id='word_1_302' title='bbox 851 3301 905 3351; x_wconf 88' lang='lat' dir='ltr'><strong>ont</strong></span> <span class='ocrx_word' id='word_1_303' title='bbox 920 3295 1060 3368; x_wconf 79' lang='lat' dir='ltr'><strong>employe</strong></span> <span class='ocrx_word' id='word_1_304' title='bbox 1076 3312 1153 3367; x_wconf 87' lang='lat' dir='ltr'><strong>pour</strong></span> <span class='ocrx_word' id='word_1_305' title='bbox 1176 3295 1295 3368; x_wconf 85' lang='lat' dir='ltr'><strong>l&#39;expo-</strong></span> 
     </span>
     <span class='ocr_line' id='line_1_38' title="bbox 217 3366 1295 3437; baseline -0.002 -14"><span class='ocrx_word' id='word_1_306' title='bbox 217 3368 353 3437; x_wconf 76' lang='lat' dir='ltr'><strong>Ciceron.</strong></span> <span class='ocrx_word' id='word_1_307' title='bbox 380 3368 415 3421; x_wconf 92' lang='lat' dir='ltr'><strong>V.</strong></span> <span class='ocrx_word' id='word_1_308' title='bbox 444 3370 483 3423; x_wconf 81' lang='lat' dir='ltr'><strong>cle</strong></span> <span class='ocrx_word' id='word_1_309' title='bbox 500 3370 588 3422; x_wconf 88' lang='lat' dir='ltr'><strong>Orat.</strong></span> <span class='ocrx_word' id='word_1_310' title='bbox 611 3368 636 3435; x_wconf 93' lang='lat' dir='ltr'><strong>I,</strong></span> <span class='ocrx_word' id='word_1_311' title='bbox 658 3368 686 3435; x_wconf 84' lang='lat'><strong>3,</strong></span> <span class='ocrx_word' id='word_1_312' title='bbox 702 3371 731 3422; x_wconf 86' lang='lat' dir='ltr'><strong>et</strong></span> <span class='ocrx_word' id='word_1_313' title='bbox 782 3369 875 3423; x_wconf 89' lang='lat' dir='ltr'><strong>sition</strong></span> <span class='ocrx_word' id='word_1_314' title='bbox 904 3368 941 3422; x_wconf 87' lang='lat' dir='ltr'><strong>de</strong></span> <span class='ocrx_word' id='word_1_315' title='bbox 970 3368 1053 3423; x_wconf 83' lang='lat' dir='ltr'><strong>leurs</strong></span> <span class='ocrx_word' id='word_1_316' title='bbox 1082 3367 1235 3422; x_wconf 88' lang='lat' dir='ltr'><strong>doctrinas</strong></span> <span class='ocrx_word' id='word_1_317' title='bbox 1264 3366 1295 3421; x_wconf 88' lang='lat' dir='ltr'><strong>la</strong></span> 
     </span>
     <span class='ocr_line' id='line_1_39' title="bbox 219 3438 1297 3511; baseline -0.001 -18"><span class='ocrx_word' id='word_1_318' title='bbox 219 3442 341 3494; x_wconf 80' lang='lat' dir='ltr'><strong>surtoul</strong></span> <span class='ocrx_word' id='word_1_319' title='bbox 363 3439 399 3494; x_wconf 89' lang='lat' dir='ltr'><strong>de</strong></span> <span class='ocrx_word' id='word_1_320' title='bbox 422 3439 458 3493; x_wconf 76' lang='lat'><strong>15</strong></span> <span class='ocrx_word' id='word_1_321' title='bbox 474 3440 492 3493; x_wconf 76' lang='lat' dir='ltr'><strong>a</strong></span> <span class='ocrx_word' id='word_1_322' title='bbox 510 3439 556 3494; x_wconf 80' lang='lat'><strong>20.</strong></span> <span class='ocrx_word' id='word_1_323' title='bbox 572 3439 619 3494; x_wconf 78' lang='lat' dir='ltr'><strong>Cf.</strong></span> <span class='ocrx_word' id='word_1_324' title='bbox 635 3442 730 3493; x_wconf 89' lang='lat' dir='ltr'><strong>Brut.</strong></span> <span class='ocrx_word' id='word_1_325' title='bbox 782 3441 880 3494; x_wconf 85' lang='lat' dir='ltr'><strong>forme</strong></span> <span class='ocrx_word' id='word_1_326' title='bbox 891 3439 932 3494; x_wconf 90' lang='lat' dir='ltr'><strong>du</strong></span> <span class='ocrx_word' id='word_1_327' title='bbox 941 3438 1093 3509; x_wconf 78' lang='lat' dir='ltr'><strong>dialogus.</strong></span> <span class='ocrx_word' id='word_1_328' title='bbox 1105 3439 1209 3504; x_wconf 88' lang='lat' dir='ltr'><strong>Quint.</strong></span> <span class='ocrx_word' id='word_1_329' title='bbox 1218 3454 1297 3511; x_wconf 89' lang='lat' dir='ltr'><strong>pour</strong></span> 
     </span>
     <span class='ocr_line' id='line_1_40' title="bbox 218 3510 1298 3583; baseline -0.001 -18"><span class='ocrx_word' id='word_1_330' title='bbox 218 3512 264 3577; x_wconf 87' lang='grc'><strong>31,</strong></span> <span class='ocrx_word' id='word_1_331' title='bbox 280 3512 334 3566; x_wconf 84' lang='grc'><strong>113</strong></span> <span class='ocrx_word' id='word_1_332' title='bbox 349 3514 379 3565; x_wconf 88' lang='lat' dir='ltr'><strong>at</strong></span> <span class='ocrx_word' id='word_1_333' title='bbox 394 3511 472 3566; x_wconf 87' lang='lat' dir='ltr'><strong>suiv.</strong></span> <span class='ocrx_word' id='word_1_334' title='bbox 485 3513 573 3566; x_wconf 88' lang='lat' dir='ltr'><strong>Orat.</strong></span> <span class='ocrx_word' id='word_1_335' title='bbox 584 3512 612 3566; x_wconf 86' lang='lat'><strong>3.</strong></span> <span class='ocrx_word' id='word_1_336' title='bbox 622 3511 730 3566; x_wconf 73' lang='lat' dir='ltr'><strong>&#39;Pncru</strong></span> <span class='ocrx_word' id='word_1_337' title='bbox 785 3510 920 3583; x_wconf 88' lang='lat' dir='ltr'><strong>l’emploi</strong></span> <span class='ocrx_word' id='word_1_338' title='bbox 931 3511 971 3565; x_wconf 73' lang='lat' dir='ltr'><strong>&#39;do</strong></span> <span class='ocrx_word' id='word_1_339' title='bbox 992 3510 1236 3581; x_wconf 84' lang='lat' dir='ltr'><strong>l’interrogation</strong></span> <span class='ocrx_word' id='word_1_340' title='bbox 1252 3510 1298 3565; x_wconf 87' lang='lat' dir='ltr'><strong>dit</strong></span> 
     </span>
     <span class='ocr_line' id='line_1_41' title="bbox 219 3580 1298 3655; baseline 0 -20"><span class='ocrx_word' id='word_1_341' title='bbox 219 3584 344 3651; x_wconf 75' lang='lat' dir='ltr'><strong>Diatoy.</strong></span> <span class='ocrx_word' id='word_1_342' title='bbox 385 3581 441 3637; x_wconf 72' lang='lat'><strong>32:</strong></span> <span class='ocrx_word' id='word_1_343' title='bbox 473 3581 730 3648; x_wconf 71' lang='lat' dir='ltr'><strong>Demosthenem,</strong></span> <span class='ocrx_word' id='word_1_344' title='bbox 783 3598 843 3655; x_wconf 88' lang='lat' dir='ltr'><strong>que</strong></span> <span class='ocrx_word' id='word_1_345' title='bbox 871 3582 900 3637; x_wconf 87' lang='lat' dir='ltr'><strong>le</strong></span> <span class='ocrx_word' id='word_1_346' title='bbox 929 3580 1070 3638; x_wconf 84' lang='lat' dir='ltr'><strong>meilleur</strong></span> <span class='ocrx_word' id='word_1_347' title='bbox 1099 3582 1217 3637; x_wconf 78' lang='lat' dir='ltr'><strong>modele</strong></span> <span class='ocrx_word' id='word_1_348' title='bbox 1251 3584 1298 3636; x_wconf 88' lang='lat' dir='ltr'><strong>est</strong></span> 
     </span>
     <span class='ocr_line' id='line_1_42' title="bbox 220 3653 1298 3724; baseline 0.002 -18"><span class='ocrx_word' id='word_1_349' title='bbox 220 3668 316 3722; x_wconf 83' lang='lat' dir='ltr'><strong>quem</strong></span> <span class='ocrx_word' id='word_1_350' title='bbox 345 3654 628 3709; x_wconf 82' lang='lat' dir='ltr'><strong>studiosisstmum</strong></span> <span class='ocrx_word' id='word_1_351' title='bbox 657 3656 732 3708; x_wconf 90' lang='lat' dir='ltr'><strong>Pla·</strong></span> <span class='ocrx_word' id='word_1_352' title='bbox 784 3653 983 3724; x_wconf 81' lang='lat' dir='ltr'><strong>celuizquod</strong></span> <span class='ocrx_word' id='word_1_353' title='bbox 1008 3669 1049 3708; x_wconf 82' lang='lat' dir='ltr'><strong>eu</strong></span> <span class='ocrx_word' id='word_1_354' title='bbox 1073 3655 1216 3722; x_wconf 65' lang='lat' dir='ltr'><strong>dictonis</strong></span> <span class='ocrx_word' id='word_1_355' title='bbox 1246 3656 1298 3708; x_wconf 83' lang='lat' dir='ltr'><strong>So-</strong></span> 
     </span>
     <span class='ocr_line' id='line_1_43' title="bbox 222 3724 1298 3794; baseline -0.001 -15"><span class='ocrx_word' id='word_1_356' title='bbox 222 3728 307 3780; x_wconf 84' lang='lat' dir='ltr'><strong>tonts</strong></span> <span class='ocrx_word' id='word_1_357' title='bbox 332 3727 519 3779; x_wconf 75' lang='lat' dir='ltr'><strong>auditorem</strong></span> <span class='ocrx_word' id='word_1_358' title='bbox 541 3724 646 3794; x_wconf 78' lang='lat' dir='ltr'><strong>fuisse</strong></span> <span class='ocrx_word' id='word_1_359' title='bbox 669 3739 731 3779; x_wconf 89' lang='lat' dir='ltr'><strong>me·</strong></span> <span class='ocrx_word' id='word_1_360' title='bbox 784 3727 987 3781; x_wconf 84' lang='lat' dir='ltr'><strong>crattcorum</strong></span> <span class='ocrx_word' id='word_1_361' title='bbox 1004 3726 1298 3794; x_wconf 78' lang='lat' dir='ltr'><strong>maalmequePla-</strong></span> 
     </span>
     <span class='ocr_line' id='line_1_44' title="bbox 222 3796 1261 3867; baseline -0.001 -16"><span class='ocrx_word' id='word_1_362' title='bbox 222 3798 346 3852; x_wconf 85' lang='lat' dir='ltr'><strong>mortae</strong></span> <span class='ocrx_word' id='word_1_363' title='bbox 379 3798 548 3864; x_wconf 80' lang='lat' dir='ltr'><strong>proditum</strong></span> <span class='ocrx_word' id='word_1_364' title='bbox 581 3801 648 3852; x_wconf 86' lang='lat' dir='ltr'><strong>est.</strong></span> <span class='ocrx_word' id='word_1_365' title='bbox 690 3800 730 3850; x_wconf 86' lang='lat' dir='ltr'><strong>Et</strong></span> <span class='ocrx_word' id='word_1_366' title='bbox 787 3796 1261 3867; x_wconf 71' lang='lat' dir='ltr'><strong>tentsductpotesttv.&#39;t‚28).</strong></span> 
     </span>
     <span class='ocr_line' id='line_1_45' title="bbox 221 3866 1299 3939; baseline -0.004 -16"><span class='ocrx_word' id='word_1_367' title='bbox 221 3870 328 3923; x_wconf 84' lang='lat' dir='ltr'><strong>Cicero</strong></span> <span class='ocrx_word' id='word_1_368' title='bbox 361 3871 417 3923; x_wconf 85' lang='lat' dir='ltr'><strong>etc.</strong></span> <span class='ocrx_word' id='word_1_369' title='bbox 452 3868 500 3923; x_wconf 79' lang='lat' dir='ltr'><strong>Cf.</strong></span> <span class='ocrx_word' id='word_1_370' title='bbox 532 3868 573 3923; x_wconf 92' lang='lat' dir='ltr'><strong>ib.</strong></span> <span class='ocrx_word' id='word_1_371' title='bbox 608 3870 653 3923; x_wconf 87' lang='grc'><strong>31.</strong></span> <span class='ocrx_word' id='word_1_372' title='bbox 683 3868 730 3923; x_wconf 85' lang='lat' dir='ltr'><strong>Cf.</strong></span> <span class='ocrx_word' id='word_1_373' title='bbox 817 3868 863 3923; x_wconf 85' lang='grc'><strong>36.</strong></span> <span class='ocrx_word' id='word_1_374' title='bbox 877 3870 934 3923; x_wconf 84' lang='lat' dir='ltr'><strong>Lis</strong></span> <span class='ocrx_word' id='word_1_375' title='bbox 945 3866 1029 3923; x_wconf 86' lang='lat' dir='ltr'><strong>astle</strong></span> <span class='ocrx_word' id='word_1_376' title='bbox 1040 3868 1145 3939; x_wconf 70' lang='lat' dir='ltr'><strong>procris</strong></span> <span class='ocrx_word' id='word_1_377' title='bbox 1158 3866 1299 3939; x_wconf 87' lang='lat' dir='ltr'><strong>pendant</strong></span> 
     </span>
     <span class='ocr_line' id='line_1_46' title="bbox 222 3939 1296 4010; baseline 0 -17"><span class='ocrx_word' id='word_1_378' title='bbox 222 3940 327 4005; x_wconf 87' lang='lat' dir='ltr'><strong>Quint.</strong></span> <span class='ocrx_word' id='word_1_379' title='bbox 343 3939 413 4006; x_wconf 86' lang='lat' dir='ltr'>XII,</span> <span class='ocrx_word' id='word_1_380' title='bbox 429 3940 456 3994; x_wconf 82' lang='lat'><strong>2.</strong></span> <span class='ocrx_word' id='word_1_381' title='bbox 783 3956 820 3995; x_wconf 87' lang='lat' dir='ltr'><strong>en</strong></span> <span class='ocrx_word' id='word_1_382' title='bbox 833 3940 945 4010; x_wconf 86' lang='lat' dir='ltr'><strong>justice</strong></span> <span class='ocrx_word' id='word_1_383' title='bbox 960 3955 967 3994; x_wconf 90' lang='grc'>;</span> <span class='ocrx_word' id='word_1_384' title='bbox 983 3941 1092 3994; x_wconf 80' lang='lat' dir='ltr'><strong>adhuc</strong></span> <span class='ocrx_word' id='word_1_385' title='bbox 1107 3940 1296 4006; x_wconf 77' lang='lat' dir='ltr'><strong>subjudice</strong></span> 
     </span>
    </p>

    <p class='ocr_par' dir='ltr' id='par_1_7' title="bbox 222 4009 1302 4443">
     <span class='ocr_line' id='line_1_47' title="bbox 264 4009 1299 4083; baseline 0 -20"><span class='ocrx_word' id='word_1_386' title='bbox 264 4012 395 4066; x_wconf 79' lang='lat' dir='ltr'><strong>Vltio...</strong></span> <span class='ocrx_word' id='word_1_387' title='bbox 425 4016 603 4067; x_wconf 85' lang='lat' dir='ltr'><strong>cesserunt.</strong></span> <span class='ocrx_word' id='word_1_388' title='bbox 629 4010 655 4067; x_wconf 92' lang='lat' dir='ltr'><strong>Il</strong></span> <span class='ocrx_word' id='word_1_389' title='bbox 679 4029 700 4083; x_wconf 90' lang='lat' dir='ltr'><strong>y</strong></span> <span class='ocrx_word' id='word_1_390' title='bbox 715 4028 733 4066; x_wconf 89' lang='lat' dir='ltr'><strong>a</strong></span> <span class='ocrx_word' id='word_1_391' title='bbox 785 4014 825 4067; x_wconf 81' lang='lat' dir='ltr'><strong>lis</strong></span> <span class='ocrx_word' id='word_1_392' title='bbox 841 4012 990 4082; x_wconf 73' lang='lat' dir='ltr'><strong>estlllon.</strong></span> <span class='ocrx_word' id='word_1_393' title='bbox 1002 4013 1061 4065; x_wconf 81' lang='lat' dir='ltr'><strong>Art</strong></span> <span class='ocrx_word' id='word_1_394' title='bbox 1066 4015 1151 4079; x_wconf 81' lang='lat' dir='ltr'><strong>poet.</strong></span> <span class='ocrx_word' id='word_1_395' title='bbox 1168 4011 1214 4079; x_wconf 81' lang='grc'><strong>73)</strong></span> <span class='ocrx_word' id='word_1_396' title='bbox 1229 4009 1299 4063; x_wconf 78' lang='lat' dir='ltr'><strong>d’ori</strong></span> 
     </span>
     <span class='ocr_line' id='line_1_48' title="bbox 223 4082 1300 4154; baseline -0.001 -18"><span class='ocrx_word' id='word_1_397' title='bbox 223 4083 353 4153; x_wconf 84' lang='lat' dir='ltr'><strong>quelque</strong></span> <span class='ocrx_word' id='word_1_398' title='bbox 367 4083 487 4137; x_wconf 77' lang='lat' dir='ltr'><strong>nalvete</strong></span> <span class='ocrx_word' id='word_1_399' title='bbox 502 4084 520 4137; x_wconf 77' lang='lat' dir='ltr'><strong>a</strong></span> <span class='ocrx_word' id='word_1_400' title='bbox 535 4083 600 4138; x_wconf 86' lang='lat' dir='ltr'><strong>dire</strong></span> <span class='ocrx_word' id='word_1_401' title='bbox 618 4083 733 4154; x_wconf 84' lang='lat' dir='ltr'><strong>quales</strong></span> <span class='ocrx_word' id='word_1_402' title='bbox 786 4084 937 4151; x_wconf 70' lang='lat' dir='ltr'><strong>litiqalor</strong></span> <span class='ocrx_word' id='word_1_403' title='bbox 957 4085 1072 4154; x_wconf 84' lang='lat' dir='ltr'><strong>(supra.</strong></span> <span class='ocrx_word' id='word_1_404' title='bbox 1094 4082 1153 4150; x_wconf 76' lang='lat'><strong>34).</strong></span> <span class='ocrx_word' id='word_1_405' title='bbox 1174 4112 1210 4119; x_wconf 98' lang='lat'><em>-</em></span> <span class='ocrx_word' id='word_1_406' title='bbox 1232 4082 1300 4135; x_wconf 84' lang='lat' dir='ltr'><strong>Dis·</strong></span> 
     </span>
     <span class='ocr_line' id='line_1_49' title="bbox 223 4153 1300 4223; baseline -0.001 -14"><span class='ocrx_word' id='word_1_407' title='bbox 223 4158 361 4209; x_wconf 86' lang='lat' dir='ltr'><strong>oratenrs</strong></span> <span class='ocrx_word' id='word_1_408' title='bbox 376 4158 431 4209; x_wconf 91' lang='lat' dir='ltr'><strong>ont</strong></span> <span class='ocrx_word' id='word_1_409' title='bbox 452 4154 545 4208; x_wconf 75' lang='lat' dir='ltr'><strong>luisse</strong></span> <span class='ocrx_word' id='word_1_410' title='bbox 561 4155 689 4209; x_wconf 79' lang='lat' dir='ltr'><strong>erivahir</strong></span> <span class='ocrx_word' id='word_1_411' title='bbox 704 4155 734 4209; x_wconf 90' lang='lat' dir='ltr'><strong>la</strong></span> <span class='ocrx_word' id='word_1_412' title='bbox 778 4156 924 4223; x_wconf 80' lang='lat' dir='ltr'><strong>putatio.</strong></span> <span class='ocrx_word' id='word_1_413' title='bbox 935 4169 966 4208; x_wconf 77' lang='lat' dir='ltr'><strong>v.</strong></span> <span class='ocrx_word' id='word_1_414' title='bbox 986 4153 1052 4219; x_wconf 87' lang='lat' dir='ltr'><strong>Vll,</strong></span> <span class='ocrx_word' id='word_1_415' title='bbox 1068 4154 1087 4208; x_wconf 87' lang='lat'><strong>3</strong></span> <span class='ocrx_word' id='word_1_416' title='bbox 1096 4168 1104 4222; x_wconf 92' lang='lat'>;</span> <span class='ocrx_word' id='word_1_417' title='bbox 1120 4153 1175 4208; x_wconf 83' lang='lat'><strong>12:</strong></span> <span class='ocrx_word' id='word_1_418' title='bbox 1190 4167 1300 4208; x_wconf 76' lang='lat' dir='ltr'><strong>luseu-</strong></span> 
     </span>
     <span class='ocr_line' id='line_1_50' title="bbox 222 4223 1301 4298; baseline -0.002 -17"><span class='ocrx_word' id='word_1_419' title='bbox 222 4225 378 4281; x_wconf 87' lang='lat' dir='ltr'><strong>meilleure</strong></span> <span class='ocrx_word' id='word_1_420' title='bbox 408 4226 505 4298; x_wconf 80' lang='lat' dir='ltr'><strong>partie</strong></span> <span class='ocrx_word' id='word_1_421' title='bbox 531 4226 568 4281; x_wconf 91' lang='lat' dir='ltr'><strong>de</strong></span> <span class='ocrx_word' id='word_1_422' title='bbox 593 4226 659 4281; x_wconf 87' lang='lat' dir='ltr'><strong>leur</strong></span> <span class='ocrx_word' id='word_1_423' title='bbox 683 4227 734 4282; x_wconf 91' lang='lat' dir='ltr'><strong>do·</strong></span> <span class='ocrx_word' id='word_1_424' title='bbox 783 4223 1240 4281; x_wconf 74' lang='lat' dir='ltr'><strong>uarunnonnrrrenrua.(lra.</strong></span> <span class='ocrx_word' id='word_1_425' title='bbox 1262 4226 1301 4279; x_wconf 84' lang='lat' dir='ltr'><strong>ale</strong></span> 
     </span>
     <span class='ocr_line' id='line_1_51' title="bbox 223 4296 1302 4371; baseline -0.004 -19"><span class='ocrx_word' id='word_1_426' title='bbox 223 4298 325 4352; x_wconf 90' lang='lat' dir='ltr'><strong>maine</strong></span> <span class='ocrx_word' id='word_1_427' title='bbox 355 4313 411 4369; x_wconf 88' lang='lat' dir='ltr'><strong>par</strong></span> <span class='ocrx_word' id='word_1_428' title='bbox 442 4296 487 4352; x_wconf 89' lang='lat' dir='ltr'><strong>les</strong></span> <span class='ocrx_word' id='word_1_429' title='bbox 520 4296 733 4371; x_wconf 84' lang='lat' dir='ltr'><strong>philosophas,</strong></span> <span class='ocrx_word' id='word_1_430' title='bbox 783 4299 842 4370; x_wconf 77' lang='lat' dir='ltr'><strong>fin.</strong></span> <span class='ocrx_word' id='word_1_431' title='bbox 857 4296 883 4364; x_wconf 89' lang='lat' dir='ltr'><strong>I,</strong></span> <span class='ocrx_word' id='word_1_432' title='bbox 896 4298 924 4365; x_wconf 84' lang='grc'><strong>8,</strong></span> <span class='ocrx_word' id='word_1_433' title='bbox 940 4297 995 4351; x_wconf 76' lang='lat'><strong>28:</strong></span> <span class='ocrx_word' id='word_1_434' title='bbox 1012 4299 1123 4365; x_wconf 80' lang='lat' dir='ltr'><strong>Neque</strong></span> <span class='ocrx_word' id='word_1_435' title='bbox 1133 4297 1302 4363; x_wconf 78' lang='lat' dir='ltr'><strong>disputari</strong></span> 
     </span>
     <span class='ocr_line' id='line_1_52' title="bbox 224 4368 1302 4443; baseline 0.003 -18"><span class='ocrx_word' id='word_1_436' title='bbox 224 4368 340 4426; x_wconf 82' lang='lat' dir='ltr'><strong>caux-oi</strong></span> <span class='ocrx_word' id='word_1_437' title='bbox 379 4371 517 4443; x_wconf 85' lang='lat' dir='ltr'><strong>pouvant</strong></span> <span class='ocrx_word' id='word_1_438' title='bbox 551 4372 618 4425; x_wconf 89' lang='lat' dir='ltr'><strong>tout</strong></span> <span class='ocrx_word' id='word_1_439' title='bbox 651 4370 735 4425; x_wconf 84' lang='lat' dir='ltr'><strong>aussi</strong></span> <span class='ocrx_word' id='word_1_440' title='bbox 784 4370 857 4427; x_wconf 82' lang='lat' dir='ltr'><strong>stne</strong></span> <span class='ocrx_word' id='word_1_441' title='bbox 872 4370 1137 4440; x_wconf 77' lang='lat' dir='ltr'><strong>reprehensione,</strong></span> <span class='ocrx_word' id='word_1_442' title='bbox 1154 4382 1212 4426; x_wconf 88' lang='lat' dir='ltr'><strong>nec</strong></span> <span class='ocrx_word' id='word_1_443' title='bbox 1227 4382 1302 4428; x_wconf 82' lang='lat' dir='ltr'><strong>cum</strong></span> 
     </span>
    </p>
   </div>
   <div class='ocr_carea' id='block_1_4' title="bbox 0 0 1687 5159">
    <p class='ocr_par' dir='ltr' id='par_1_8' title="bbox 0 0 1687 5159">
     <span class='ocr_line' id='line_1_53' title="bbox 0 0 1687 5159; baseline 0 0"><span class='ocrx_word' id='word_1_444' title='bbox 0 0 1687 5159; x_wconf 95' lang='lat' dir='ltr'><strong> </strong></span> 
     </span>
    </p>
   </div>
  </div>
 </body>
</html>
