3317 5159
851 276 1011 346 ...32..

459 433 565 512 multa,
603 441 638 495 ut
674 436 765 496 etiam
808 437 861 516 qui
904 438 941 497 de
973 436 1091 498 artibus
1119 434 1308 514 scripserunt
1347 429 1479 515 plurima

399 531 440 591 50
460 551 567 593 earum
595 553 699 594 rerum
737 536 910 596 testimonia
946 535 985 596 ab
1020 537 1077 596 hoc
1114 540 1201 614 poeta
1244 539 1359 613 petant.
1399 534 1479 594 Nam

457 632 594 711 epilogus
622 634 747 711 quidem
775 634 844 712 quis
874 653 1022 714 umquam
1050 633 1159 713 poterit
1186 633 1246 694 illis
1276 632 1391 694 Priami
1427 650 1474 691 ro-

455 732 556 807 gantis
578 732 720 792 Achillen
743 732 885 810 precibus
909 731 1058 812 aequari?
1083 730 1191 804 Quid?
1215 732 1251 792 In
1278 730 1389 808 verbis,
1412 748 1479 790 seu-

457 830 572 907 tentiis,
597 830 716 907 figuriS,
745 830 940 910 dispositione
968 832 1060 891 totius
1088 830 1188 909 operis
1216 849 1317 889 nonne
1345 828 1475 889 humani

455 926 570 1004 ingenii
585 928 709 987 modum
720 927 860 987 excedit?
876 930 917 990 Ut
930 929 1033 1007 magui
1048 928 1087 988 sit
1100 928 1228 988 virtutes
1243 927 1310 1005 ejus
1334 945 1395 986 nou
1423 945 1476 987 ae·

394 1024 431 1085 51
454 1026 629 1106 mulatione,
646 1026 725 1106 quod
741 1026 806 1086 lieri
816 1046 878 1087 non
892 1033 1000 1106 potest,
1013 1028 1066 1087 sed
1076 1026 1231 1088 intellectu
1245 1027 1342 1105 sequi.
1356 1025 1474 1085 Verum

455 1125 504 1185 hio
519 1144 624 1185 omnes
639 1126 704 1186 sine
718 1124 810 1185 dubio
823 1131 856 1185 et
867 1126 899 1186 in
910 1128 993 1187 omni
1007 1145 1118 1204 genere
1132 1125 1322 1205 eloquentiae
1338 1123 1474 1203 procula

459 1244 491 1284 se
520 1224 654 1303 reliquit,
683 1225 782 1303 epicos
805 1230 908 1285 tamen
931 1226 1117 1305 praecipue,
1146 1224 1285 1284 videlicet
1311 1223 1383 1302 quia
1410 1222 1471 1283 cle·

392 1322 432 1381 52
453 1322 574 1382 rissima
601 1319 633 1379 in
654 1322 781 1382 materia
802 1321 894 1383 simili
928 1322 1111 1402 comparatio
1139 1327 1195 1382 est.
1225 1321 1306 1381 Raro
1333 1318 1473 1396 adsurgit

394 1492 470 1565 ples
494 1524 530 1533 -
552 1495 748 1565 Diprcssus:
771 1492 816 1548 les
845 1492 905 1576 epi·
995 1494 1143 1548 Humani
1170 1492 1300 1561 inuenti
1326 1494 1470 1547 modum.

295 1568 300 1581 '
395 1564 484 1621 sodes
503 1566 557 1635 qui
585 1568 670 1622 n'ont
698 1580 753 1637 pas
778 1580 821 1620 un
845 1564 907 1620 lieu
956 1558 1003 1619 Gi.
1018 1564 1071 1619 86:
1089 1569 1233 1619 naturae
1256 1565 1390 1619 caelesti
1416 1567 1471 1617 at-

394 1637 563 1692 necesssire
590 1653 663 1693 avec
688 1636 717 1692 le
746 1636 836 1707 sujet.
872 1666 907 1675 -
956 1650 1017 1703 quc
1041 1637 1240 1691 immortali.
1269 1666 1305 1674 —
1333 1636 1471 1703 Macram

395 1710 498 1778 Siqua
518 1724 632 1765 rerum
648 1713 679 1764 ct
694 1711 907 1777 arpumcnta:
955 1704 974 1760 d
988 1722 1019 1762 re
1043 1706 1152 1763 rendre
1167 1707 1319 1776 inponit,
1335 1706 1413 1760 mais
1439 1720 1471 1760 se

393 1778 538 1835 l'orateur
552 1784 626 1853 peut
636 1781 764 1835 tirerses
776 1793 906 1851 preuves
954 1793 1012 1848 gar
1032 1794 1065 1833 er
1079 1778 1116 1833 de
1129 1777 1271 1850 suppleer
1290 1778 1395 1845 pretii
1417 1777 1471 1848 qui

393 1854 496 1906 tentet
525 1852 565 1907 du
591 1852 820 1907 raisounement
853 1851 906 1921 qui
955 1850 1056 1905 serait
1070 1849 1146 1921 plat.

394 1924 483 1993 opere
499 1938 552 1977 eur
565 1923 610 1979 les
627 1923 760 1978 donnees
787 1925 904 1976 contes—
996 1923 1150 1976 Virtutes.
1159 1920 1353 1976 Souvenirde
1363 1921 1469 1989 Denys

394 1993 492 2049 tables
521 1994 611 2050 d'une
640 2008 755 2059 cause,
787 2008 905 2048 comme
954 1991 1092 2072 (ἀρχαίων
1121 1994 1219 2070 κρίσις,
1248 1992 1280 2070 2,
1306 1990 1366 2072 l):
1396 1994 1466 2050 λάόε

280 2106 281 2111 ,
392 2064 519 2120 Ciceron
539 2082 592 2121 sur
614 2064 659 2120 les
681 2065 904 2119 circonstances
952 2074 1037 2151 ζῆλον
1064 2079 1114 2151 (of,
1144 2080 1368 2135 aemulatione
1408 2092 1468 2150 que

393 2136 429 2191 de
442 2138 471 2191 la
483 2140 641 2193 rencontre
666 2135 702 2190 de
725 2135 851 2190 Clodius
875 2138 905 2190 et
952 2160 1056 2225 Quint·
1082 2161 1189 2214 trouve
1221 2158 1389 2225 excessis„
1421 2152 1468 2206 καὶ

392 2206 570 2334 (xamen,
587 2224 620 2263 ce
643 2210 715 2262 sont
735 2207 780 2262 les
793 2222 905 2289 'arpu-
954 2232 1087 2308 μεγέθους
1100 2233 1147 2288 καὶ
1159 2241 1210 2308 τῆς
1228 2231 1402 2306 οἰκονομίας,
1422 2232 1468 2286 καὶ

515 2323 524 2347 ⁷
571 2282 658 2334 anm
685 2278 722 2334 de
757 2278 830 2333 salis
863 2293 903 2333 ⁰¹¹
952 2322 1008 2369 τῶν
1035 2312 1128 2368 ἀλλων
1154 2314 1261 2387 ἀρετῶν
1286 2314 1401 2368 ἁπασῶν
1430 2312 1467 2375 εἰς

391 2349 519 2422 d'objets
534 2349 689 2407 materiola
699 2364 816 2404 comme
826 2364 904 2404 ceux
953 2392 988 2448 ἀλ

393 2436 452 2492 que
476 2438 554 2477 nous
574 2420 721 2495 appelons
749 2422 856 2488 pecces
881 2419 903 2475 ἀ
987 2392 1040 2469 aaa
1051 2394 1102 2468 1’11
1117 2393 1192 2466 παρά
1207 2410 1253 2447 ⁰⁰2
1274 2392 1388 2467 lltlffll
1413 2389 1467 2467 711·

392 2495 592 2559 conuiction;
608 2509 640 2549 ce
653 2495 723 2548 sont
741 2489 786 2547 les
804 2494 902 2561 siqua
951 2472 1107 2549 1111111011·
1123 2473 1190 2537 τοὺς
1204 2469 1236 2528 δὲ
1251 2471 1353 2537 ἄλλους
1373 2472 1401 2528 ἐν
1421 2467 1466 2535 Οἷς

392 2580 516 2619 rerum.
532 2565 579 2619 uf.
596 2564 634 2631 V,
654 2564 682 2630 9,
697 2564 733 2618 1:
757 2564 902 2619 Cruenta
952 2552 1081 2629 ἀλλήλων
1096 2551 1180 2609 πλέον
1204 2553 1315 2629 ἔχουσι,
1339 2552 1393 2630 χρὴ
1417 2570 1465 2625 μι-

391 2638 481 2691 em'm
495 2638 593 2692 *uestis
609 2640 640 2691 ct
660 2637 785 2691 clamor
804 2639 835 2689 ct
859 2636 903 2688 u·-
951 2632 1074 2707 μεῖσθαι.

391 2721 448 2762 vor
462 2712 493 2763 et
514 2710 688 2762 talearum
700 2708 902 2761 instrumcu-
985 2711 1031 2766 51.
1061 2710 1387 2773 Verum=intereu,·
1405 2710 1463 2763 for-

392 2783 437 2846 ta,
453 2781 572 2848 quattu
586 2780 727 2845 tabulae,
739 2792 900 2843 rumores,
950 2782 1034 2837 mule
1044 2782 1080 2838 de
1092 2780 1280 2846 conclusion,
1292 2781 1346 2851 qui
1356 2781 1463 2835 amine

391 2854 496 2906 testea.
522 2850 603 2905 Pour
623 2849 667 2905 les
689 2853 900 2918 arctamenta,
950 2850 979 2908 le
994 2854 1114 2909 resume
1129 2853 1166 2907 de
1181 2857 1248 2907 tout
1271 2852 1300 2907 le
1324 2851 1462 2923 develop-

390 2922 428 2976 cf.
452 2922 495 2977 ib.
516 2924 552 2977 2:
576 2926 803 2992 arpumento..
834 2921 901 2975 nisi
949 2928 1135 2995 pement,-
1156 2926 1196 2978 In
1226 2924 1318 2979 omni
1345 2938 1462 3048 periere

389 2994 426 3048 in
442 3009 477 3048 rc
493 2998 701 3049 coutroversa
726 2994 812 3047 locus
834 3006 901 3046 carc
951 2998 1180 3065 eloquentiae;
1196 2993 1331 3067 reppello
1358 2994 1461 3048 adivi·

390 3068 641 3133 compatescere.
658 3072 688 3119 et
708 3064 744 3129 V,
769 3062 814 3130 10,
840 3063 874 3117 11
892 3078 898 3118 :
950 3068 1018 3122 sion
1034 3068 1087 3123 des
1100 3082 1208 3138 gentes
1223 3065 1371 3121 oratoires
1386 3065 1462 3120 dont

389 3138 468 3191 Cum
486 3140 531 3192 sit
553 3139 789 3206 urpumentum
812 3136 901 3189 ratio
949 3139 1053 3204 Quint.
1070 3142 1116 3194 est
1125 3138 1206 3209 parti
1216 3153 1294 3210 pour
1308 3136 1463 3209 apprecier

383 3209 611 3275 probationem
623 3211 812 3276 praestans,
833 3220 900 3274 qua
949 3210 1094 3266 Homero.

388 3280 557 3348 callipitur
572 3279 703 3348 aliquid
714 3292 775 3345 per
790 3278 898 3342 atiud,
984 3283 1179 3337 clarissima
1192 3297 1202 3333 .·
1216 3280 1390 3351 frappante‚
1413 3278 1461 3333 de-

388 3353 418 3404 et
432 3365 515 3419 quac
531 3352 615 3420 quod
629 3354 677 3404 eat
691 3349 828 3403 dubium
839 3362 900 3415 per
949 3352 1052 3409 cisive.
1068 3351 1232 3408 Frotscher
1245 3367 1264 3405 a
1284 3350 1381 3423 repris
1403 3352 1460 3404 du-

388 3422 434 3488 iu,
449 3424 535 3491 quod
548 3422 685 3476 dubium
703 3424 760 3486 est,
778 3420 900 3490 coufir—
949 3426 1087 3480 rissima
1108 3424 1162 3495 qui
1188 3438 1219 3479 se
1249 3425 1357 3477 trouve
1382 3421 1460 3475 dans

388 3497 469 3547 mut.
948 3511 990 3549 un
1020 3496 1078 3551 Ms.
1108 3494 1187 3549 mais
1217 3493 1322 3549 n'offre
1358 3508 1458 3547 aucun

421 3574 464 3627 Dc
480 3573 619 3639 artibus,
631 3586 661 3627 v.
677 3570 713 3626 15
727 3573 758 3625 et
771 3568 801 3624 la
814 3572 896 3637 note,
948 3582 1019 3622 scus
1034 3564 1222 3637 acceptable.

387 3643 474 3699 etur.
983 3646 1028 3701 52.
1057 3640 1217 3718 Ιβάρχαίων
1245 3639 1344 3713 κρίσις,
1370 3643 1458 3716 apres

388 3729 391 3734 '
420 3722 465 3778 50.
482 3726 579 3779 Nam.
596 3721 643 3777 uf.
655 3718 899 3776 1211131016.-
947 3716 1079 3773 Homere
1094 3732 1216 3772 nomme
1237 3716 1381 3783 Hesiodo,
1397 3716 1458 3769 An-

384 3786 528 3850 Pm'ami.
546 3796 587 3850 It.
602 3792 714 3860 XXIV,
738 3792 897 3847 lue-506.
948 3789 1082 3874 timeque
1116 3792 1145 3843 et
1176 3788 1327 3859 Panyasis
1356 3786 1457 3859 parmi

385 3864 427 3920 Le
454 3867 590 3922 discours
617 3865 654 3921 de
678 3863 822 3918 Priame
851 3864 897 3918 ete
946 3860 990 3915 les
1030 3860 1078 3933 epi
1101 3876 1176 3928 nes,
1215 3858 1261 3915 les
1286 3862 1391 3913 autres
1413 3857 1459 3913 ci-

384 3942 516 3993 souvent
539 3936 709 3993 commeate
733 3936 801 3989 tant
826 3934 897 4001 chez
948 3932 993 3985 te's
1012 3876 1250 4002 perduintilien
1277 3932 1456 4001 manquent.

382 4009 516 4065 Anciens
531 4025 590 4081 que
604 4009 648 4064 les
663 4006 835 4063 Modernes.
947 4001 973 4057 Il
995 4006 1041 4057 eet
1060 4018 1143 4057 assez
1167 4002 1259 4073 digne
1284 4001 1320 4056 de
1340 4016 1458 4056 remar-

417 4082 457 4135 In
477 4083 592 4137 cerdic.
615 4078 744 4135 Dernier
758 4076 894 4148 chapitre
945 4089 1005 4145 que
1033 4088 1092 4145 que
1127 4073 1173 4128 les
1200 4074 1305 4146 poetes
1334 4070 1457 4145 appeles

381 4150 418 4206 de
434 4152 633 4224 rhetorique:
660 4151 697 4205 de
718 4147 892 4203 l’elocution
945 4144 1114 4217 cycliques‚
1140 4148 1225 4199 entre
1251 4147 1354 4198 autres
1378 4143 1458 4198 Arc-

402 4224 434 4277 ui
467 4226 574 4279 amena
608 4222 827 4278 incidemment
861 4218 893 4273 la
943 4215 1035 4283 unos,
1049 4216 1180 4271 l'auteur
1200 4214 1237 4270 de
1251 4215 1454 4282 l'Ethiopidc,

379 4238 572 4369 disposition.
943 4290 972 4343 et
997 4285 1147 4357 Lesches,
1173 4286 1253 4343 celui
1282 4285 1318 4343 dc
1343 4285 1374 4341 la
1392 4287 1457 4343 Pe-
