3317 5159
669 320 874 393 .—157-

216 473 434 551 exercitatione
457 473 588 536 dicendi.
616 475 662 534 Ne
685 475 715 534 id
739 473 865 552 quidem
890 474 1053 534 tacendum
1075 481 1132 553 est,
1158 477 1238 554 quod
1259 477 1299 536 28

218 573 317 633 eidem
345 573 483 633 Ciceroni
511 572 619 652 placet,
658 572 778 632 nullum
810 579 955 633 nostrum
982 592 1113 652 usquam
1138 574 1240 652 negle-

219 676 341 748 gentem
365 690 432 730 esse
455 689 648 730 sermonem:
674 670 822 749 quidquid
846 670 1008 750 loquemur
1037 671 1236 751 ubicumque,

219 769 259 828 sit
280 789 334 848 pro
355 788 411 829 sua
434 769 547 829 scilicet
570 769 705 848 portione
719 771 899 847 perfectum.
933 768 1135 830 Scribendum
1151 776 1232 830 certe

219 886 389 946 numquam
402 872 447 926 est
463 866 572 943 magiS,
590 884 683 944 quam
693 885 765 926 cum
779 867 877 926 multa
887 867 1024 927 dicemus
1041 887 1077 927 ex
1089 873 1236 946 tempore.

218 966 264 1026 Ita
277 966 361 1025 enim
374 964 544 1024 servabitur
558 964 677 1044 pondus
690 969 720 1024 ct
733 965 878 1025 innatans
895 965 946 1025 illa
961 965 1125 1026 verborum
1145 967 1239 1027 facili-

219 1070 265 1124 tas
284 1063 315 1123 in
335 1063 432 1123 altum
447 1061 622 1138 reducetur,
646 1063 724 1122 sicut
739 1063 846 1122 rustici
863 1065 1019 1142 proximas
1034 1065 1104 1124 vitis
1121 1065 1238 1125 radices
1260 1072 1262 1077 ’

219 1165 389 1238 amputant,
414 1177 492 1237 quae
516 1159 599 1219 illam
623 1160 655 1218 in
677 1178 835 1218 summum
854 1160 952 1219 solum
966 1160 1094 1238 ducunt,
1111 1161 1209 1222 utini
1225 1197 1238 1207 ·

217 1260 312 1318 riores
333 1259 454 1338 penitus
468 1257 677 1317 descendendo
692 1257 864 1316 firmentur.
893 1258 938 1317 Ac
953 1259 1055 1318 nescio
1069 1278 1109 1319 an
1119 1265 1237 1320 utrum·
1258 1261 1297 1323 29

146 1394 157 1435 .·
219 1376 290 1435 que,
315 1375 386 1417 cum
409 1373 481 1414 cura
496 1359 524 1413 et
541 1355 640 1414 studio
655 1354 830 1431 fecerimus
848 1355 978 1415 invicem
991 1357 1095 1435 prosit,
1113 1362 1147 1417 ut
1162 1359 1237 1418 scri-

219 1448 318 1513 bendo
343 1453 481 1513 dicamus
509 1450 697 1528 diligentius,
725 1451 853 1512 dicendo
892 1452 1064 1513 scribamus
1104 1454 1234 1514 facilius

221 1553 423 1614 Scribendum
436 1571 516 1629 ergo,
535 1551 674 1630 quotiens
688 1551 810 1626 licebit;
838 1551 863 1610 si
887 1551 918 1610 id
932 1556 993 1610 nbn
1008 1550 1141 1628 dabitur,
1158 1552 1237 1628 cogi-

221 1651 368 1710 tandum:
393 1649 432 1710 ab
454 1653 583 1726 utroque
608 1647 723 1707 exclusi
746 1647 859 1707 debent
881 1652 984 1707 tamen
1010 1647 1040 1708 id
1055 1648 1186 1725 efficere,
1203 1653 1236 1708 ut

221 1767 320 1828 neque
341 1748 510 1827 deprensus
532 1749 632 1805 orator
654 1762 754 1824 neque
778 1745 915 1821 litigator
929 1745 1093 1805 destitutus
1108 1764 1174 1805 esse
1188 1746 1243 1805 vi-·

221 1847 340 1907 deutur.

261 1945 448 2022 Plerumque
470 1945 574 2002 autem
596 1940 692 2000 multa
709 1941 874 2018 agentibus
898 1942 1021 2019 accidit,
1046 1947 1081 2000 ut
1104 1943 1237 2003 maxime
1258 1943 1297 2004 30

220 2043 390 2106 necessaria
404 2047 435 2101 et
447 2042 553 2119 utique
567 2039 653 2099 initia
667 2039 813 2119 scribant,
834 2047 934 2102 cetera
954 2059 1033 2119 quae
1050 2041 1138 2101 domo
1152 2042 1238 2101 adle-

220 2192 361 2267 l'appelle
389 2203 549 2250 canorum
573 2191 738 2242 oratorem
820 2192 862 2244 In
882 2193 990 2245 altum
1017 2193 1215 2247 reducetur:
1239 2205 1305 2246 sera

221 2272 252 2323 et
267 2267 440 2322 volubilem
458 2265 488 2316 et
503 2261 587 2315 satis
601 2273 712 2314 acrem
727 2274 737 2328 3
785 2263 927 2318 romense
943 2261 1075 2317 dansles
1091 2262 1303 2332 profondeurs.

221 2340 442 2394 vehementem
457 2337 486 2387 et
498 2332 592 2384 valde
608 2331 738 2385 dulcem
821 2333 911 2388 Sicut
976 2333 1106 2389 rustici.
1157 2333 1305 2390 Nouvelle

222 2417 253 2467 et
270 2409 508 2481 perfacetum...
529 2403 738 2456 industrium
786 2402 887 2474 image
899 2404 952 2530 (lm
967 2420 1003 2458 ne
1019 2405 1159 2460 s'associe
1172 2421 1227 2477 pas
1243 2406 1305 2460 tres

221 2483 323 2538 etiam
352 2485 384 2536 et
414 2477 607 2543 elilipentem
641 2477 673 2527 et
700 2474 738 2528 in
785 2473 890 2530 blena
918 2491 935 2528 a
945 2475 1134 2546 precedente.
1157 2476 1204 2532 Cf.
1227 2487 1305 2547 pour

222 2548 513 2609 exercitationibus
544 2549 739 2599 commenta·
786 2546 838 2601 dee
857 2546 1071 2602 incoherences
1095 2547 1262 2619 analogues
1274 2548 1303 2616 3,

223 2625 428 2693 trucibusque
459 2617 603 2672 multum
622 2629 738 2682 operae
786 2617 849 2673 bet
868 2616 1003 2676 ailleurs.

221 2698 357 2752 solitum
387 2704 519 2761 ponere.
543 2687 660 2741 Accusb
705 2702 745 2746 ar.
821 2690 1022 2744 Proximos:
1044 2689 1233 2745 volsinesdu
1247 2689 1303 2746 sol.

221 2767 249 2823 le
271 2767 363 2838 jeune
384 2764 514 2820 Crassus
538 2773 575 2812 en
596 2757 642 2822 59,
665 2703 738 2812 ilpse
786 2791 820 2799 —
835 2761 876 2815 In
891 2775 1058 2816 summum
1074 2763 1188 2816 solum.
1212 2761 1259 2816 Cf.
1275 2761 1304 2827 3,

221 2839 325 2894 donna
338 2836 369 2891 la
381 2836 471 2890 mort.
496 2829 543 2884 Gi.
559 2831 597 2883 de
617 2833 701 2883 orat.
713 2827 737 2891 Ι,
785 2831 823 2886 2:
835 2832 1037 2902 profectus...
1060 2847 1081 2886 a
1105 2847 1233 2888 summo
1244 2849 1305 2901 pe-

220 2911 266 2976 34,
282 2909 353 2964 154:
372 2910 408 2961 in
426 2901 638 2960 cotidianis...
659 2914 739 2954 com·
789 2904 885 2958 titus:
902 2903 963 2958 ila
979 2903 1108 2958 surfaoe.

221 2969 740 3042 mentationibusequidemlflras-
821 2973 867 3029 29.
892 2975 1004 3030 Nescio
1025 2989 1081 3041 arr,
1098 2989 1214 3029 comme
1235 2974 1305 3048 plus

221 3056 286 3122 sus)
337 3051 420 3105 mihi
468 3043 738 3100 adulescentulus
786 3045 1306 3118 hautb‚1equiveutsimplement

216 3136 396 3194 proponere
446 3116 587 3173 solebam
640 3114 738 3168 illam
787 3117 970 3186 bfortasse.
981 3117 1081 3172 K.Gr.
1092 3120 1126 3172 L.
1137 3117 1303 3186 11,1021‚6.

222 3193 490 3252 exercitationem
507 3185 662 3250 manime,
672 3199 737 3253 qua
828 3190 1005 3257 Utrumque
1019 3205 1031 3255 ,·
1045 3189 1163 3244 c.-a.-d.
1178 3204 1183 3244 :
1196 3191 1304 3245 dicere

221 3270 252 3323 C.
268 3267 455 3329 Carbonem,
472 3262 620 3314 nostrum
639 3257 738 3310 illum
786 3274 825 3315 ac
859 3260 1007 3315 scribere.
1033 3259 1091 3314 Les
1116 3261 1198 3316 deux
1230 3261 1305 3316 s’en-

221 3337 405 3401 inimicum,
430 3333 565 3388 solitum
594 3342 661 3409 esre
686 3328 738 3381 uti
785 3330 912 3386 tendent
927 3331 979 3386 des
1000 3331 1148 3387 exercices
1164 3331 1305 3403 prepara·

221 3410 394 3466 sciebam...
410 3403 513 3470 Quant
527 3415 568 3453 au
581 3397 675 3453 deta1l
686 3400 738 3453 :in
786 3403 889 3465 loires,
914 3406 944 3457 et
958 3417 1019 3457 non
1035 3402 1075 3457 du
1098 3403 1234 3458 discours
1249 3404 1305 3458 de-

223 3479 445 3542 labernaculm
460 3472 483 3528 il
500 3471 569 3526 n'en
591 3473 637 3524 681
650 3485 738 3542 ques·
784 3471 895 3529 vautle
904 3473 986 3545 juge.
997 3473 1042 3529 De
1054 3472 1085 3528 lia
1098 3490 1105 3530 z
1117 3477 1156 3530 ab
1166 3479 1304 3546 utroque

221 3553 286 3609 tion
301 3550 385 3606 nulle
399 3548 468 3621 part
486 3542 621 3598 ailleurs·
786 3548 921 3600 cacturi.
951 3545 1033 3599 11,-1.
1048 3545 1104 3602 (1.;
1135 3547 1166 3602 Si
1184 3563 1304 3603 aucune

256 3641 301 3696 28,
316 3641 431 3694 pidem
447 3631 602 3690 Ciceroni,
618 3628 645 3684 11
661 3629 738 3700 n’ya
785 3616 822 3671 do
838 3632 886 3672 ces
900 3616 980 3670 deux
995 3617 1207 3689 preparations
1226 3618 1304 3673 n'est

221 3713 291 3785 plus
306 3711 343 3766 de
369 3711 451 3766 texto
472 3704 509 3759 de
534 3702 660 3757 Ciceron
685 3699 739 3826 (gui
785 3687 939 3760 possible,
953 3705 992 3744 0u
1008 3704 1124 3744 ⁰0ffl1110
1138 3690 1242 3755 Quint·
1259 3689 1304 3744 dit
1383 3755 1387 3767 ἱ

221 3784 373 3840 renferme
410 3779 487 3836 cette
513 3787 687 3830 recomman
710 3788 738 3826 a·
785 3759 856 3831 plus
871 3758 988 3842 hauns
1002 3759 1038 3815 2:
1062 3761 1092 3814 si
1106 3762 1304 3843 'quidemin-

221 3856 297 3911 tion.
787 3831 1010 3885 numerabiles
1041 3835 1199 3886 accidunt
1220 3833 1304 3886 subr-

257 3923 399 3988 Pondus‚
424 3933 541 3974 comme
557 3913 628 3988 plus
650 3913 738 3979 haut,
787 3906 839 3956 tae
853 3903 1071 3957 necessitatem

221 4000 249 4068 1,
278 3997 354 4053 13οι
382 4005 497 4047 rerum
521 3988 680 4056 pondera,
707 3983 739 4039 la
808 3983 1025 4064 'Deprensum
1049 3980 1113 4054 pris
1133 3981 1151 4036 a
1174 3980 1306 4054 l’impro·

221 4062 399 4141 vigueur‚la
408 4060 528 4117 solidite
537 4057 738 4128 delapensee.
785 4055 875 4120 vista,
890 4067 970 4108 sans
994 4055 1082 4108 oerel.
1107 4051 1158 4108 cf.
1175 4053 1202 4122 1,
1217 4054 1252 4108 41
1275 4057 1305 4109 et

257 4141 424 4194 innatans
434 4151 445 4200 ;
502 4130 535 4186 ui
560 4130 645 4184 ssotte
665 4129 681 4181 a
708 4126 739 4181 la
786 4123 817 4178 la
831 4128 902 4179 note
919 4125 982 4180 ace
997 4128 1070 4180 mot.
1096 4122 1142 4177 Gi.
1159 4123 1232 4179 Suu.
1247 4127 1303 4194 Ep.

223 4212 352 4268 suriace.
375 4206 422 4260 Cf.
449 4148 516 4269 Vll,
531 4203 558 4264 1,
583 4200 636 4253 44:
661 4199 739 4253 baec
785 4197 884 4260 11,1;
904 4211 969 4251 non
986 4211 1028 4251 ea·
1039 4201 1241 4264 praeparato
1258 4198 1306 4252 lo-

223 4286 313 4340 velut
327 4275 519 4370 innatantia
535 4272 701 4326 videbunt.
712 4268 739 4324 Il
786 4272 884 4322 cutus
901 4272 960 4334 est,
979 4269 1035 4323 secl
1050 4269 1154 4323 subito
1175 4269 1305 4336 depren-

223 4340 739 4495 tltreilluminandi
787 4354 865 4465 wit.
901 4411 1014 4480 nnu
1036 4430 1068 4454 =
1084 4411 1304 4478 platinam,-
