3317 5159
810 359 989 425 ..104-

349 521 391 584 18
411 521 464 600 qui
479 539 512 581 se
526 519 653 600 pulchre
668 517 854 597 expressisse
867 533 965 594 genus
978 515 1054 575 illud
1072 512 1209 574 caelestis
1223 511 1318 591 hujus
1336 512 1369 572 in
1384 510 1431 571 di-

407 619 503 680 cendo
516 618 573 678 viri
598 616 655 677 sibi
675 617 863 691 viderentur,
883 616 909 674 si
928 614 960 674 in
979 613 1115 675 clausula
1132 612 1304 691 posuissent
1335 629 1430 672 esse

406 718 619 778 videatur.
635 717 714 794 Ergo
728 716 863 795 primurn
878 719 934 790 est,
951 720 985 773 ut
999 713 1078 791 quod
1097 711 1271 771 imitaturus
1285 717 1330 771 est
1347 713 1432 789 quis-

407 835 467 897 que
482 815 635 893 intellegat
652 820 693 893 et,
710 832 804 891 quare
818 813 934 873 bonum
949 812 998 888 sit,
1016 812 1101 873 sciet.

346 915 387 977 19
446 915 526 975 Turn
542 914 575 974 in
589 913 782 993 suscipiendo
798 931 890 972 onere
903 911 1041 972 consulet
1055 930 1126 972 suas
1140 911 1230 971 vires
1242 911 1320 972 Nam
1335 931 1427 992 quae-

406 1013 478 1074 dam
492 1018 565 1073 sunt
579 1011 749 1089 imitabilia,
766 1010 879 1088 quibus
893 1015 947 1070 aut
960 1009 1123 1070 infirmitas
1137 1015 1262 1070 naturae
1286 1029 1347 1070 non
1363 1012 1427 1071 sul-

406 1110 487 1172 liciat
501 1116 554 1172 aut
569 1110 729 1170 diversitas
751 1114 910 1188 repugnet.
927 1109 985 1185 Ne,
1002 1108 1052 1168 cui
1065 1113 1156 1168 tenue
1176 1109 1335 1186 ingenium
1354 1110 1424 1186 erit,

405 1208 467 1269 sola
480 1207 551 1267 velit
566 1207 655 1266 fortia
665 1212 695 1267 et
705 1205 846 1285 abrupta,
855 1206 905 1266 cui
918 1206 994 1266 forte
1008 1206 1144 1285 quidem,
1161 1206 1213 1265 sed
1228 1206 1422 1284 indomitum,

403 1323 506 1365 amore
522 1304 697 1365 subtilitatis
712 1310 743 1365 et
756 1304 818 1364 vim
840 1323 928 1364 suam
949 1304 1055 1384 perdat
1078 1310 1107 1364 et
1128 1304 1309 1381 elegantiam
1331 1324 1425 1383 quam

403 1404 486 1483 cupit
501 1422 562 1463 non
577 1408 795 1482 persequatur:
812 1402 890 1462 nihil
904 1407 951 1462 est
970 1401 1054 1463 enim
1074 1408 1137 1464 tum
1151 1402 1306 1480 indecens,
1331 1423 1424 1483 quem

342 1501 384 1562 20
403 1520 476 1562 cum
490 1501 592 1562 mollia
606 1501 682 1560 dure
697 1502 786 1561 liunt.
802 1501 903 1578 Atque
918 1519 973 1578 ego
988 1500 1032 1560 illi
1048 1502 1246 1582 praeceptori,
1258 1521 1351 1582 quem
1357 1504 1424 1563 ins-

358 1672 362 1677 ‚
405 1601 549 1661 titueram
563 1600 596 1659 in
609 1598 686 1659 libro
700 1598 847 1671 secundo,
862 1599 977 1659 credidi
992 1619 1053 1660 non
1068 1619 1103 1661 ea
1118 1601 1181 1661 sola
1195 1601 1329 1662 docenda
1343 1620 1422 1680 esse,

404 1698 441 1759 ad
456 1717 535 1777 quae
549 1715 702 1777 quemque
716 1696 936 1776 discipulorum
952 1703 1061 1758 natura
1075 1699 1276 1777 compositum
1290 1699 1420 1761 videret:

345 1893 417 1950 sege
432 1882 479 1934 est
523 1877 588 1933 uiso
609 1876 687 1932 dans
710 1875 739 1932 16
761 1880 859 1932 meme
908 1877 998 1934 d’une
1036 1879 1169 1935 muniere
1198 1880 1337 1950 generale
1370 1881 1423 1936 des

346 1952 474 2006 couront
518 1949 609 2005 iddes.
632 1948 714 2003 Pour
731 1948 762 2002 la
777 1950 859 2004 tour·
908 1949 1039 2022 qualites
1051 1966 1110 2022 que
1124 1950 1185 2006 l'on
1196 1953 1270 2022 peut
1284 1953 1422 2024 soquerir

343 2036 419 2077 nure
431 2022 581 2093 ironique,
596 2020 636 2074 cf.
652 2019 732 2075 Hon.
748 2021 804 2088 Ep.
816 2019 857 2086 Il,
906 2036 963 2092 par
976 2021 1154 2077 l'imitation
1175 2024 1261 2078 daus
1276 2025 1422 2079 certatus

343 2094 371 2156 1.
393 2092 448 2148 23:
470 2094 523 2149 Sic
546 2092 660 2161 fautor
674 2095 857 2147 ueterum...
907 2107 983 2158 cus,·
1007 2109 1039 2148 oe
1064 2094 1117 2165 qui
1142 2093 1204 2149 suit
1227 2094 1353 2168 indique
1376 2094 1422 2150 les

342 2165 477 2220 Dictitet
516 2164 638 2218 Albano
678 2163 791 2217 Mutus
819 2163 856 2217 in
907 2164 1105 2220 restrictions.

345 2240 453 2290 monte
471 2236 605 2291 loeutus.
947 2238 1064 2302 Tenue,
1080 2239 1136 2292 oto.
1152 2235 1211 2291 Les
1226 2235 1421 2294 distinctions

377 2332 423 2388 18,
442 2335 514 2388 Se...
537 2332 774 2399 expressisse...
798 2333 856 2386 „bi
906 2307 943 2361 de
965 2306 1070 2374 Quint.
1096 2311 1238 2379 reposent
1255 2323 1309 2363 sur
1330 2307 1421 2365 celles

340 2405 541 2459 viderentur.
557 2401 767 2459 Geteoousetil
783 2418 857 2458 eveo
906 2376 959 2433 des
982 2379 1057 2434 mis
1080 2394 1187 2450 gemes
1209 2379 1245 2434 ‘¹⁶
1266 2378 1355 2451 style·
1371 2380 1419 2436 Cf·

341 2474 370 2530 le
384 2474 484 2547 pessit
491 2475 669 2544 personuel
696 2473 733 2528 de
748 2475 856 2529 uideri
905 2449 1169 2532 1›,440tlst¹10i0·
1197 2453 1303 2534 Tem
1333 2453 1420 2536 13196-

343 2548 390 2602 est
428 2545 608 2602 tour-crau
634 2544 757 2600 inusiu.
787 2547 855 2600 suu
906 2535 1002 2575 nrum
1031 2523 1077 2576 cst
1100 2537 1161 2576 11⁰0
1182 2521 1419 2595 prtusposuon

342 2619 449 2673 videri
461 2619 508 2674 est
522 2618 585 2690 pris
596 2615 635 2672 ici
650 2631 766 2671 comme
788 2631 856 2684 pu·
905 2607 944 2646 ²¹¹¹
961 2607 1053 2675 &inre
1068 2592 1188 2664 simple>
1204 2592 1289 2662 f⁰²⁰⁶0
1313 2599 1345 2678 ef
1365 2597 1421 2650 in·

342 2693 459 2744 toreut.
486 2691 533 2744 Au
548 2729 556 2757 ,
572 2688 722 2743 contraire
747 2689 855 2742 videri
904 2665 1067 2718 ‘mutum
1087 2680 1127 2720 ³¹¹
1149 2680 1240 2748 genre
1262 2665 1417 2736 ⁸¹¹h¹¹m03

339 2759 546 2832 impersonnel
568 2775 600 2815 se
624 2758 774 2814 construit
792 2758 855 2814 fort
903 2735 997 2800 enfin,
1023 2737 1226 2804 definitam
1241 2736 1377 2810 ΓᾶΡΡθΠθ
1390 2738 1418 2794 Ῑθ

339 2831 410 2886 bien
424 2847 496 2887 aveo
510 2830 541 2886 la
555 2831 744 2904 proposition
754 2829 854 2885 inlini·
903 2821 995 2875 “⁹¹¹oe
1016 2806 1113 2862 flffllfi·
1140 2806 1223 2890 ΡΟΨ,
1242 2807 1271 2862 Ῑθ
1297 2824 1419 2882 raPl‘PO·

340 2904 420 2959 qveg
450 2905 522 2958 Non
548 2903 631 2958 mir„
650 2904 783 2956 videtu,
809 2903 854 2956 ad
903 2877 1044 2932 chement
1059 2877 1095 2933 de
1109 2880 1276 2934 submotus
1299 2885 1329 2936 et
1352 2883 1419 2937 ele-

338 2975 426 3030 66616
448 2976 626 3030 vivendum
652 2975 736 3028 sotir
759 2987 853 3040 posse
901 2950 1017 3017 danila
1039 2949 1078 3005 Of·
1108 2949 1135 3017 1,
1165 2951 1218 3005 78²
1247 2952 1413 3018 Lusias...

339 3046 508 3101 uirtutem.
525 3045 591 3101 Gru,
608 3047 698 3102 Tusc.
713 3044 750 3110 V,
765 3043 794 3110 5,
805 3043 850 3100 12.
901 3021 1033 3104 ³²⁶me
1051 3025 1150 3090 alque
1168 3023 1310 3092 elidant·
1376 3096 1382 3109 ,

374 3117 563 3173 saetosus...
588 3116 665 3174 vus.
690 3115 738 3173 uf.
762 3115 791 3182 1,
805 3115 851 3170 so.
938 3092 1052 3147 notua
1087 3094 1180 3148 dure·
1211 3093 1250 3148 ne
1288 3111 1418 3166 premier

337 3186 493 3243 Demqme
509 3189 653 3242 divim„
691 3238 694 3242 A
901 3166 997 3218 terme
1012 3166 1059 3219 est
1074 3163 1190 3246 prison
1206 3179 1276 3220 sens
1293 3167 1418 3250 lavore-

371 3261 447 3316 Esse
466 3255 853 3323 videatur;cf.tttudter-
901 3233 950 3289 hle
973 3249 1051 3306 9⁰11?
1082 3236 1183 3301 lema,
1213 3237 1338 3328 dulctu.
1367 3238 1415 3330 Cf·

337 3331 382 3385 tto
395 3345 520 3400 quoque
535 3345 633 3386 seusu
649 3330 685 3382 iu
701 3330 852 3384 omuibus
899 3315 1008 3371 ARIST·
1025 3315 1115 3372 Rdel·
1138 3315 1194 3382 ΠΙ,
1208 3317 1245 3372 7:
1282 3312 1343 3368 Εᾰν
1366 3331 1416 3368 ουν

336 3402 541 3457 orationibus
548 3416 611 3470 pro
621 3400 785 3455 sententia
798 3414 852 3468 po.
899 3389 935 3444 τὰ
951 3387 1061 3464 μαλακὰ
1075 3387 1200 3466 σκληρῶς
1210 3391 1299 3448 καὶτὰ
1311 3391 1416 3469 σκληρὰ

335 3473 436 3527 situm
474 3487 541 3527 esse
575 3472 740 3526 uideatur.
773 3470 849 3526 Tuo.
900 3468 1031 3544 μαλακῶς
1044 3467 1168 3546 λέγηται,
1182 3468 1315 3528 ἀπίθανον
1326 3473 1416 3548 γίγνε·

335 3544 418 3600 litut.
434 3542 479 3598 23.
495 3542 543 3599 Gt.
559 3542 673 3609 Quiur.
690 3539 746 3608 IX,
760 3542 788 3596 4.
797 3541 849 3598 73:
898 3567 982 3606 ται...

333 3629 402 3670 esse
429 3615 595 3681 videatur,
630 3615 707 3681 jum
747 3614 850 3669 nimis
933 3627 981 3683 20¹
1010 3630 1113 3697 Atque
1136 3628 1214 3684 dans
1236 3628 1281 3684 103
1305 3629 1414 3686 transi.

333 3686 500 3757 frequeus·
899 3697 980 3753 tione
1004 3699 1151 3770 equivaut
1176 3704 1306 3756 souvent
1327 3702 1345 3756 (1
1367 3706 1414 3756 ut-

367 3774 412 3829 19.
437 3775 478 3828 Iu
504 3773 710 3840 suscipiendo
739 3786 864 3844 onere„
898 3770 1247 3839 qui.—Auliurelch.
1262 3771 1291 3840 8,
1307 3770 1412 3836 Quint.

333 3844 381 3901 Gt.
398 3845 482 3902 Hon.
510 3846 545 3899 A.
572 3846 610 3898 P.
634 3843 689 3899 39:
719 3849 849 3899 versute
898 3841 1276 3898 avaitreoornmandeaux
1287 3848 1414 3899 mattres

332 3917 411 3983 otiu,
453 3917 534 3986 quid
556 3914 646 3984 ferre
682 3920 845 3984 recusent,
898 3911 978 3967 dela
989 3912 1132 3984 jeunesse
1147 3913 1185 3969 de
1204 3929 1243 3969 ne
1267 3913 1414 3987 pass'as-

331 3984 849 4058 161666166611616611.116661
898 3983 994 4038 servir
1014 4000 1076 4039 aux
1099 3984 1298 4111 dispositione
1326 3990 1414 4042 natu-

328 4075 386 4185 pes
400 4060 473 4115 hors
485 4059 522 4114 do
538 4072 650 4130 propos
660 4056 697 4112 de
708 4073 762 4184 rap
787 4057 848 4112 eler
897 4052 986 4109 relies
1001 4055 1037 4111 de
1052 4055 1133 4111 leurs
1163 4056 1256 4123 leves,
1283 4056 1361 4112 mais
1377 4057 1414 4113 de

357 4147 376 4186 n
398 4131 572 4195 Fonunrnn,
597 4129 719 4191 Fabios,
780 4169 787 4196 ,
803 4129 843 4184 5:
896 4123 941 4180 les
953 4125 1270 4194 leponnerztd'eutres
1282 4127 1413 4200 qualites

327 4203 375 4257 Ne
388 4199 619 4272 forcouspoiut
630 4204 723 4256 uotre
738 4201 845 4256 toleret
897 4211 1013 4253 encore.
1027 4197 1074 4254 'De
1093 4198 1134 4266 le,
1151 4213 1225 4254 avec
1240 4214 1272 4255 oe
1283 4198 1358 4272 qu'il
1368 4199 1413 4256 dit

327 4274 385 4328 etc.
895 4267 946 4334 ioi,
976 4283 1037 4324 une
1062 4270 1283 4326 contradiction
1312 4287 1330 4324 6
1354 4287 1411 4344 pe-

360 4341 543 4398 Imttobttiu
558 4344 589 4398 61
602 4357 666 4398 non
693 4342 844 4397 inimica·
895 4342 979 4395 rente
994 4355 1054 4412 que
1067 4341 1198 4398 l'auteur
1213 4341 1300 4398 tdcho
1341 4357 1409 4398 ere·

323 4415 414 4470 bilta.
453 4411 667 4488 L'expression
713 4411 839 4486 designo
895 4409 1016 4468 soudro.
