3317 5159
781 253 961 319 ..120-

394 400 520 462 animus
534 405 631 461 totum
646 404 744 481 potest
757 407 787 461 et
805 419 998 480 quocumque
1009 402 1152 480 respexit,
1166 401 1278 463 desinit
1296 399 1412 464 intueri

333 496 374 557 24
393 498 474 577 qnod
496 499 684 578 propositum
707 503 783 559 erat.
806 497 907 570 Quare
931 498 1075 558 silvarnm
1101 499 1266 560 amoenitas
1280 505 1311 568 et
1325 517 1413 578 prac-

392 594 571 661 terlabentia
584 595 713 656 flumina
725 600 755 654 et
765 595 949 674 inspirantes
959 596 1052 656 ramis
1064 595 1206 657 arborum
1221 615 1314 658 aurae
1327 595 1412 656 volu-

392 711 542 772 crumque
554 699 663 754 cantus
677 700 708 755 et
729 693 795 773 ipsa
817 693 877 754 late
898 694 1162 774 circumspiciendi
1176 694 1299 755 libertas
1321 695 1412 755 adse

392 792 531 865 trahunt,
548 797 583 852 ut
596 792 673 853 mihi
691 792 845 852 remittere
853 791 952 872 potius
962 791 1100 870 voluptas
1113 791 1170 853 ista
1184 791 1322 852 videatur
1330 792 1413 870 cogi-

331 888 372 950 25
391 891 536 950 tationem
559 907 652 968 quam
675 889 844 950 intendere.
868 889 1088 960 Demosthenes
1111 890 1231 964 melius,
1253 890 1307 980 <pri
1328 908 1362 950 se
1376 891 1409 950 in

392 987 505 1063 locum,
521 1005 559 1046 ex
572 1005 633 1065 quo
651 986 735 1048 nulla
758 985 895 1048 exaudiri
919 1005 976 1046 vox
994 992 1025 1046 et
1045 1005 1082 1046 ex
1107 1004 1166 1065 quo
1186 986 1262 1046 nihil
1276 987 1409 1067 prospici

392 1090 504 1164 posset,
521 1083 716 1162 recondebat,
733 1102 772 1144 ne
794 1083 877 1144 aliud
893 1102 983 1159 agere
996 1089 1131 1144 mentem
1152 1090 1294 1162 cogerent
1314 1084 1405 1145 oculi.

394 1181 526 1261 Ideoque
540 1181 736 1243 lucubrantes
751 1182 907 1243 silentium
923 1182 1019 1242 noctis
1034 1187 1064 1242 et
1078 1182 1217 1244 clausum
1231 1183 1408 1244 cubiculum

331 1279 372 1340 26
394 1280 543 1341 etlumen
557 1298 655 1340 unum
668 1280 788 1342 velut...
814 1285 912 1340 rectos
932 1280 1065 1341 maxime
1080 1285 1191 1341 teneat.
1215 1280 1274 1341 Sed
1288 1300 1359 1340 cum
1375 1281 1407 1340 in

282 1374 287 1382 ’
395 1378 478 1438 omni
492 1377 663 1438 studiorum
687 1396 810 1455 genere,
832 1383 899 1438 turn
921 1378 954 1438 in
969 1377 1026 1438 hoc
1049 1378 1210 1457 praecipue
1223 1377 1303 1439 bona
1323 1378 1407 1439 vale-

391 1475 476 1552 tudo,
492 1492 630 1553 quaeque
643 1493 711 1536 eam
730 1468 863 1536 maxime
882 1479 1025 1554 praestat,
1047 1475 1216 1552 frugalitas,
1237 1475 1408 1536 necessaria

390 1579 449 1651 est,
461 1591 534 1634 cum
547 1577 684 1653 tempora
704 1572 743 1634 ab
763 1574 828 1654 ipsa
852 1591 957 1633 rerum
976 1578 1084 1634 natura
1105 1572 1143 1634 ad
1166 1573 1300 1655 quietem
1315 1574 1410 1634 relec-

390 1670 567 1750 tionemque
581 1671 668 1732 nobis
683 1671 753 1732 data
772 1671 805 1732 in
825 1671 1011 1731 acerrimum
1033 1669 1167 1731 laborem
1190 1669 1407 1732 convertimus.

391 1769 447 1831 Cui
461 1775 565 1830 tamen
578 1789 640 1830 non
654 1769 724 1850 plus
745 1768 942 1847 irrogandum
963 1774 1009 1829 est
1023 1787 1116 1848 quam
1132 1768 1212 1847 quod
1237 1787 1343 1829 somno
1358 1787 1410 1828 su·

364 1937 411 1994 24.
432 1939 648 1996 Remittere...
674 1939 847 1994 intendere
894 1936 1007 1993 travail
1034 1935 1230 2010 (studiorum
1258 1935 1407 2009 genera),
1520 1950 1524 1955 ·

330 2009 536 2094 Expressions
575 2010 770 2083 empruntees
806 2025 847 2065 au
895 2017 967 2074 c'est
980 2017 1009 2073 le
1021 2015 1170 2074 meilleur.
1184 2015 1272 2072 Ainsi
1288 2009 1409 2086 μάλιστα

331 2083 520 2138 manrement
534 2080 571 2136 de
584 2081 668 2136 l'arc.
896 2111 934 2152 en
962 2109 1057 2167 3100:
1087 2099 1183 2147 retem
1208 2089 1330 2165 μάλιστα
1357 2087 1407 2167 μὲν

366 2151 413 2208 ᾖ·
428 2153 666 2209 bem-illene&
685 2150 734 2208 Cf·
749 2151 846 2208 PLUT·
894 2170 941 2226 καὶ
970 2170 1073 2236 αὐτοὺς
1103 2170 1170 2236 τοὺς
1197 2168 1231 2244 dp
1252 2188 1347 2245 οντας,
1384 2170 1409 2226 εἰ

331 2233 472 2316 Dem37:
496 2225 531 2318 Ιἐκ
544 2225 649 2283 τούτου
669 2229 770 2314 (apres
791 2244 847 2285 son
896 2247 927 2306 gg
942 2249 991 2325 gg,
1018 2251 1069 2326 gp,
1091 2248 1177 2326 ἄλλην
1199 2267 1219 2305 π
1237 2247 1292 2308 λινΟ
1309 2253 1406 2311 pm

333 2317 465 2376 premier
490 2303 580 2360 echec
608 2304 627 2357 e
652 2299 684 2356 la
712 2300 846 2370 tribune)
894 2328 969 2396 Rep·
984 2325 1038 2382 325
1052 2327 1088 2382 A·

332 2376 479 2451 κατάγειον
494 2375 544 2452 per
560 2374 748 2450 ⁰bt⁰3⁰t⁴l⁰⁰¹i
761 2372 846 2449 μελε·
929 2397 975 2452 26.
990 2398 1031 2451 Iu
1046 2398 1123 2453 boc:
1151 2395 1233 2452 Ponr
1246 2411 1280 2453 ce
1295 2395 1407 2453 travail

332 2454 478 2532 τητὴριον,
514 2453 530 2512 d
558 2455 593 2532 δὴ
625 2453 776 2521 διεσώζετο
801 2454 848 2510 καὶ
895 2466 948 2522 <103
963 2467 1096 2524 vgfflgeg,

332 2531 392 2591 καθ’
419 2537 505 2613 ἡμᾶς.
530 2540 642 2608 C'etait
663 2555 723 2594 une
749 2537 847 2595 cavite
929 2539 1132 2609 Frugalitar.
1183 2535 1228 2592 Ne
1269 2535 1407 2594 s'entend

333 2614 522 2670 scuterraine
543 2614 583 2668 ovi
603 2611 747 2668 l’orateur
771 2625 848 2693 pas-
894 2624 950 2680 pas
964 2609 1132 2665 seulement
1146 2607 1284 2663 duboire
1312 2614 1344 2665 et
1366 2609 1405 2664 du

333 2683 393 2738 seit
404 2682 528 2758 jusqu'e
543 2683 617 2740 trois
631 2681 710 2738 mois
722 2683 845 2749 entrare,
894 2695 1029 2752 manger,
1048 2680 1127 2736 mais
1141 2679 1231 2754 d’une
1245 2679 1294 2735 vie
1309 2680 1408 2752 reglee

331 2751 363 2809 le
376 2755 480 2813 moitie
492 2756 530 2812 de
542 2755 573 2810 la
588 2758 647 2811 tete
662 2753 757 2818 rasee,
769 2767 847 2824 pour
894 2750 913 2806 e
932 2754 1001 2808 tous
1026 2751 1143 2822 egards.
1168 2749 1216 2806 Cf.
1236 2749 1306 2818 XII,
1323 2752 1350 2815 1,
1364 2751 1383 2808 8
1399 2766 1406 2806 ε

332 2823 482 2883 s'enlever
500 2826 532 2882 la
567 2823 717 2881 ossibilite
735 2824 773 2880 de
787 2839 847 2896 pa·
893 2824 967 2892 Ape,
984 2837 1048 2877 uon
1064 2823 1108 2877 ad
1116 2821 1332 2891 perferendos
1340 2827 1408 2878 rtu-

330 2900 423 2952 rattre
437 2913 475 2954 en
489 2843 604 2970 publio.
893 2893 1024 2948 diorum
1063 2894 1185 2949 tutiores
1220 2895 1407 2949 necessaria

366 2969 499 3038 Cogere:
518 2984 558 3025 au
573 2983 645 3024 sene
658 2964 767 3022 adouci
786 2964 842 3022 de:
891 2962 1101 3032 frugalitas?
1119 2964 1203 3024 Ouid
1215 2977 1290 3033 erpo
1305 2979 1347 3019 ecc
1372 2966 1409 3019 u·-

324 3044 440 3108 parter
477 3040 509 3096 ὰ.
549 3039 597 3095 Cf.
631 3037 728 3094 Gonu.
764 3036 842 3092 Nur.
893 3035 1003 3090 birtine
1018 3039 1047 3088 et
1063 3033 1312 3102 zueurraspett

328 3111 415 3166 Mitt.
430 3111 458 3174 7,
474 3111 510 3166 l:
531 3112 697 3166 insulae...
712 3109 757 3163 ud
776 3107 844 3178 offi—
927 3107 1039 3160 Cum...
1072 3106 1301 3160 convertimus.
1329 3105 1408 3161 Pro-

329 3181 419 3236 cium
426 3184 537 3237 redire
546 3181 648 3251 coepit
657 3178 843 3252 (Miltiades),
891 3176 1025 3249 position
1040 3175 1221 3248 explieative
1236 3175 1273 3231 de
1294 3175 1326 3230 la
1340 3177 1407 3249 pre-

328 3265 391 3305 non
414 3267 471 3324 par
497 3250 529 3307 la
553 3252 654 3318 force,
683 3249 761 3304 mais
788 3264 844 3322 par
892 3245 1015 3302 cedente
1029 3246 1084 3318 qui
1098 3245 1407 3319 reniormeunapho-
1464 3275 1467 3284 v

327 3320 501 3378 l'intluence
514 3323 640 3379 morale.
891 3315 993 3384 asmo,
1019 3333 1062 3372 un
1083 3317 1242 3443 'pugement
1275 3317 1351 3373 dont
1377 3319 1407 3375 16

363 3395 491 3448 Lumen
515 3408 621 3448 unum
640 3405 720 3464 pour
740 3392 843 3446 lucer·
891 3387 982 3442 motii
994 3388 1065 3443 suit.
1109 3403 1145 3442 ur
1159 3389 1237 3444 cette
1252 3392 1407 3444 construc-

328 3477 375 3518 na
383 3480 395 3528 ,·
410 3462 490 3518 ainsi
502 3461 568 3519 Cic.
583 3466 654 3518 Dic.
668 3459 760 3524 1‚36:
788 3463 843 3516 lu·
892 3458 956 3513 tion
975 3458 1011 3513 de
1040 3473 1112 3519 cum
1143 3473 1217 3514 aveo
1231 3457 1406 3528 l’indicatii,

327 3535 418 3589 mine
430 3535 612 3602 apposito„
890 3543 921 3583 v.
936 3527 975 3583 K.
989 3527 1053 3597 885,
1068 3528 1097 3585 3.

368 3607 485 3668 chtoa,
526 3620 585 3676 que
619 3604 766 3659 donnent‘
797 3601 842 3657 les
925 3600 984 3654 Oui
1011 3619 1043 3642 =
1069 3597 1185 3656 labori.
1204 3630 1239 3640 -
1254 3602 1408 3670 irrogan-

325 3675 397 3742 Ms.‚
413 3675 519 3731 n’otire
532 3676 620 3747 point
634 3674 671 3730 de
686 3688 756 3728 sens
777 3671 843 3728 rai-
890 3671 970 3724 dum
997 3685 1038 3724 au
1061 3686 1131 3726 sens
1155 3669 1192 3726 de
1216 3671 1408 3740 impenden-

326 3744 486 3814 sonnable‚
510 3761 567 3818 pus
588 3746 659 3819 plus
685 3758 842 3815 queerec-
889 3741 981 3796 dum.
1010 3739 1056 3795 Gi.
1080 3741 1168 3796 Pnrv.
1194 3740 1252 3810 Ep.
1283 3743 1319 3810 V,
1348 3743 1405 3800 16:

326 3823 386 3884 tos,
400 3819 560 3886 adrectos,
576 3821 689 3883 erctoe,
707 3829 766 3887 que
778 3814 841 3869 l'on
889 3812 977 3871 Quod
991 3812 1028 3867 tn
1043 3825 1191 3882 gemmae
1205 3811 1321 3881 fuerat
1339 3828 1407 3870 ero-

323 3889 503 4016 plplroposes
518 3891 588 3944 tour
612 3888 630 3943 e
654 3890 746 4011 topril
747 3886 841 4011 1ptevlpc
887 3885 1044 4022 ss‘efflss’)
1057 3883 1159 3938 hocin
1176 3887 1264 3937 tue...
1281 3885 1407 3954 impen-

442 3975 462 4014 n
485 3975 521 4014 us
542 3975 575 4014 cr
636 3974 673 4013 ns
829 3986 840 3996 -
1049 3993 1056 4006 .

321 3975 421 4100 cundn}
449 3974 709 4102 pbutetrbybetut
729 4027 837 4099 (uteie)
920 4024 1127 4092 supererit...
1160 4025 1286 4079 deerit:
1318 4024 1405 4079 anti-

320 4115 485 4158 secaneos,
886 4092 970 4148 these
989 4093 1030 4148 du
1045 4109 1081 4149 su
1104 4094 1178 4149 ortlu
1193 4098 1223 4149 et
1247 4094 1290 4150 du
1304 4096 1406 4150 neces-

354 4173 503 4228 Maoeime
543 4191 576 4215 =
608 4171 834 4241 potissimum.
885 4162 973 4247 seire.
990 4110 1197 4223 G'estAE-dire:
1226 4167 1300 4221 Non
1322 4168 1405 4236 plus

321 4242 413 4300 lintre
447 4246 518 4300 tous
544 4241 589 4298 les
625 4240 770 4315 procedes
798 4238 836 4294 de
883 4237 1100 4305 arrogandum
1121 4239 1179 4300 eat,
1195 4251 1297 4306 quam
1316 4240 1404 4308 quod
