3317 5159
801 340 979 402 -116-

408 496 487 559 tium
513 497 579 576 jam
607 496 689 558 diem
723 515 802 596 qsse,
842 496 924 577 quod
958 498 1041 559 omni
1076 497 1178 560 labore
1211 498 1356 560 materiae
1391 497 1432 562 ad

409 594 606 656 scribendum
628 594 797 656 destinatae
821 614 883 656 non
906 594 1056 657 inveniret
1080 597 1250 676 exordium,
1284 616 1345 677 quo
1370 597 1431 658 sibi

411 713 474 754 non
495 711 640 773 praesens
664 698 784 754 tantum
809 692 907 770 dolor,
928 693 980 753 sed
995 694 1086 755 etiarn
1101 695 1270 774 desperatio
1285 694 1320 755 in
1333 701 1434 775 poste-

410 811 481 853 rurn
507 792 605 852 fieret.
646 792 726 853 Turn
749 791 859 852 Florus
881 791 1031 868 arridens,
1060 794 1211 872 numquid
1234 799 1280 872 tu,
1319 793 1430 873 inquit,

410 891 521 953 melius
535 889 636 951 dicere
650 891 696 951 vis
709 909 803 969 quam
817 890 927 970 potes‘l
953 891 997 951 lta
1015 910 1047 951 se
1063 909 1112 952 res
1128 891 1240 953 habet:
1256 893 1430 953 curandum

412 995 469 1067 est,
493 995 528 1050 ut
550 1008 644 1069 quarn
667 988 780 1069 optime
795 989 944 1066 dicamus,
961 987 1125 1050 dicendum
1140 995 1242 1052 tamen
1257 1009 1311 1070 pro
1334 991 1429 1051 lacul-

411 1094 493 1149 tate:
509 1089 548 1149 ad
563 1087 732 1167 protectum
747 1086 831 1148 enirn
846 1105 923 1166 opus
937 1092 983 1146 est
999 1087 1111 1166 studio,
1131 1107 1193 1148 non
1209 1088 1430 1167 indignatione.

351 1187 392 1250 15
412 1189 453 1249 Ut
467 1185 620 1267 possimus
633 1190 737 1245 autern
751 1183 885 1244 scribere
900 1183 992 1244 etiam
1005 1184 1093 1263 plura
1107 1185 1247 1262 celerius,
1264 1205 1325 1246 non
1340 1204 1429 1246 exer-

413 1285 514 1347 citatio
538 1283 627 1343 modo
652 1281 829 1361 praestabit,
845 1281 877 1341 in
892 1299 952 1359 qua
967 1281 1033 1341 sine
1048 1282 1141 1343 dubio
1156 1283 1289 1343 multum
1304 1288 1362 1362 est,
1379 1284 1433 1352 sed

412 1385 504 1446 etiam
525 1383 602 1442 ratio
617 1399 624 1440 :
648 1381 674 1441 si
699 1400 760 1441 aon
775 1379 914 1460 resupini
929 1386 1160 1460 spectantesque
1175 1387 1291 1442 tectum
1307 1386 1338 1442 et
1352 1381 1433 1458 cogi·

415 1482 559 1543 tationem
573 1497 734 1539 murmure
743 1478 892 1556 agitantes
901 1475 1174 1556 expectaverimus,
1189 1478 1263 1557 quid
1278 1479 1428 1552 obveniat.

415 1580 468 1640 sed
492 1577 567 1656 quid
591 1593 640 1635 res
665 1580 779 1654 poscat,
803 1573 878 1653 quid
899 1592 1061 1653 personam
1077 1575 1192 1654 deceat,
1212 1576 1292 1655 quod
1305 1577 1344 1637 sit
1357 1582 1436 1654 terp-

415 1696 484 1758 pus,
509 1673 563 1754 qui
582 1672 696 1752 judicis
721 1672 844 1733 animus
868 1671 983 1748 intuiti,
999 1673 1134 1733 humano
1147 1674 1278 1752 quodam
1295 1674 1435 1735 modoad

416 1772 613 1835 scribendum
638 1769 871 1831 accesserimus
908 1768 958 1829 Sic
981 1763 1072 1830 nobis
1092 1775 1121 1829 et
1145 1770 1229 1832 initia
1252 1776 1282 1830 et
1295 1790 1374 1850 quae
1394 1790 1439 1832 se·

357 1872 399 1936 16
416 1876 555 1952 quuntur
569 1874 678 1930 natura
693 1867 759 1947 ipsa
773 1865 963 1946 praescribit.
985 1848 1097 1946 JCerta
1113 1873 1186 1928 sunt
1196 1869 1438 1948 enimpleraque

418 1977 459 2050 et,
485 1969 544 2029 nisi
571 1966 777 2043 coniveamus,
801 1965 834 2025 in
858 1964 960 2024 oculos
974 1965 1157 2025 incurrunt:
1177 1966 1302 2046 ideoque
1317 1985 1373 2027 nec
1385 1967 1435 2027 in-

420 2068 500 2129 docti
515 2085 572 2127 neo
599 2064 706 2126 rustici
721 2063 775 2123 diu
788 2067 952 2141 quaerunt,
969 2062 1051 2122 unde
1065 2063 1232 2143 incipiant3
1248 2083 1308 2144 quo
1322 2065 1438 2145 puden-

400 2241 496 2296 Omni
507 2241 623 2295 labore.
633 2241 683 2292 En
691 2237 789 2306 depe,
803 2235 885 2289 mat·
924 2235 1014 2289 ribus
1022 2249 1117 2304 saepe
1132 2236 1244 2291 diebus
1255 2239 1439 2304 eoepeetant,

363 2315 420 2384 pre
436 2316 569 2367 toutson
588 2307 709 2365 travail.
734 2305 824 2362 Ainsi
837 2303 885 2360 Ci-
925 2309 986 2361 aut
1011 2320 1183 2362 murmure
1204 2309 1329 2364 incerto
1351 2309 1441 2362 velut

366 2385 467 2447 ceron,
481 2385 521 2437 de
540 2383 595 2450 off.
610 2379 635 2444 1,
650 2380 677 2442 2,
690 2380 725 2435 5:
745 2377 820 2448 quis
836 2380 885 2432 est
924 2378 1060 2432 classice
1075 2378 1227 2432 instincti
1243 2381 1300 2434 etc.

366 2456 435 2526 qui,
452 2454 557 2508 nuliis
576 2453 679 2524 officii
697 2449 884 2519 praeceptis
965 2450 1112 2516 Tempus.
1140 2447 1200 2505 Les
1219 2449 1441 2505 circonstanees

369 2525 558 2590 tradendis,
585 2521 815 2592 philosophum
851 2533 883 2574 se
928 2517 1111 2574 delacause.
1126 2519 1336 2584 cf.xl‚1,au:
1357 2523 1442 2575 Tem-

367 2599 491 2652 uudeat
505 2597 625 2658 dicere,
640 2607 742 2666 pour:
767 2604 886 2661 quam·
922 2605 1023 2659 pus...
1038 2605 1077 2646 ac
1093 2593 1180 2647 locus
1193 2596 1287 2660 epent
1299 2593 1442 2647 observa·

365 2669 416 2724 vis
431 2681 497 2723 non
510 2667 664 2722 tradat...
674 2695 710 2704 -
724 2661 886 2717 Materiae
930 2663 1017 2716 tione
1035 2663 1195 2731 propria:
1213 2677 1292 2718 nam
1319 2667 1351 2718 et
1367 2667 1443 2718 tem·

367 2745 415 2795 est
429 2737 561 2794 audatis
570 2733 776 2810 etdependde
791 2733 886 2788 inve·
922 2747 988 2802 pus
1005 2737 1075 2788 tum
1096 2735 1189 2789 triste
1216 2739 1286 2789 tum
1309 2736 1442 2800 laetum,

366 2811 467 2866 niret.
929 2809 999 2858 tum
1016 2805 1155 2860 liberum
1174 2810 1244 2860 tum
1262 2809 1443 2876 enpustum

404 2880 449 2937 15.
484 2878 581 2936 Ratio
608 2898 642 2928 =
669 2879 702 2932 ia
738 2875 885 2930 methodo
927 2881 985 2931 est.
1012 2878 1115 2945 Atque
1150 2878 1195 2931 aei
1223 2877 1302 2933 haec
1331 2878 1444 2932 omnia

368 2951 555 3009 raisonnee.
571 2948 596 3004 Il
607 2964 645 3003 no
660 2963 728 3004 sera
743 2963 799 3020 pas
813 2945 886 3001 hors
927 2948 1166 3015 componendus
1180 2953 1302 3004 orator.

369 3023 406 3079 de
420 3037 532 3096 propos
547 3020 583 3075 de
600 3018 738 3091 rappeler
755 3017 796 3073 ici
807 3016 888 3072 Des·
962 3018 1096 3072 Intuiti.
1115 3018 1142 3074 ll
1157 3019 1225 3074 saut
1247 3018 1445 3075 ratttaoherd

370 3102 489 3162 cartes,¹
507 3094 590 3154 Disc,
614 3093 652 3146 de
669 3092 701 3146 la
728 3089 885 3150 methodo,
929 3103 961 3144 ce
981 3089 1127 3162 participe
1144 3091 1244 3160 :quid
1256 3093 1443 3159 respuenti,

370 3167 514 3223 Diverses
552 3160 793 3218 consideratione
822 3162 889 3214 tou·
929 3164 959 3215 et
973 3159 1004 3214 la
1018 3160 1217 3233 suite:apres
1238 3162 1325 3217 avoir
1341 3159 1445 3216 consi-

370 3237 465 3294 chant
489 3235 534 3290 les
557 3234 690 3290 sciences
709 3248 717 3286 s
739 3233 777 3286 Ge
807 3233 888 3286 n’est
929 3230 1445 3301 dere'.-·Humanoeto.,determine

364 3324 430 3379 pas
443 3321 535 3362 assez
546 3305 672 3360 d'avoir
685 3302 808 3370 l'esprit
818 3303 887 3369 bon,
929 3304 1171 3358 accesserimus.
1187 3301 1212 3358 Il
1224 3303 1371 3386 impiique
1390 3317 1446 3386 par

359 3380 458 3434 *mais
474 3380 503 3432 le
512 3376 684 3446 principat
696 3377 744 3430 est
759 3375 798 3428 de
814 3375 889 3443 t'ap·
929 3372 1103 3456 opposition
1129 3373 1216 3430 l’ides
1238 3374 1275 3432 de
1296 3374 1448 3446 l'1nsp1rass

366 3451 502 3521 piiquer
523 3448 631 3502 bien...
656 3447 745 3501 cene
790 3444 826 3498 ui
849 3459 888 3499 ne
930 3450 996 3500 tren
1010 3444 1123 3512 divine,
1149 3461 1202 3501 sur
1216 3444 1349 3526 laquelle
1364 3461 1446 3502 sern-

371 3520 541 3576 marchent
555 3533 616 3588 que
631 3517 699 3588 fort
711 3460 889 3570 senionem
929 3515 979 3572 hle
994 3518 1129 3588 comptor
1135 3515 1164 3572 le
1177 3531 1365 3611 personnape
1373 3517 1448 3572 dont

367 3594 513 3662 pensent
540 3603 684 3644 avancer
725 3587 889 3656 beaucoup
930 3586 981 3642 ila
996 3587 1043 3642 ete
1053 3587 1195 3659 question
1211 3590 1278 3643 tout
1287 3588 1446 3644 'alheuro

373 3665 571 3730 davantape,
587 3660 654 3716 s'ils
674 3658 808 3714 suivant
823 3661 890 3713 tou·
931 3659 1017 3714 Dans
1043 3657 1071 3714 le
1085 3673 1214 3732 passage
1229 3660 1270 3714 du
1294 3658 1337 3714 110
1359 3659 1446 3725 livre,

366 3738 463 3804 joans
480 3735 508 3788 le
523 3731 613 3788 droit
625 3730 771 3798 chemin,
780 3743 891 3799 queue
931 3729 1036 3796 Quint.
1052 3729 1136 3784 avait
1149 3729 1289 3803 employa
1308 3729 1449 3805 l’expres-

372 3807 446 3878 font
460 3819 544 3861 ceuoo
559 3804 618 3874 qui
632 3806 767 3858 courent
786 3806 818 3856 et
833 3802 892 3871 qui
932 3801 999 3857 sion
1014 3799 1052 3856 de
1065 3801 1216 3857 instincti
1225 3816 1298 3857 avec
1311 3801 1365 3858 des
1385 3802 1449 3874 pre·

372 3881 439 3934 s’en
452 3877 627 3945 etoipnent.
933 3871 1129 3944 occupatione
1151 3872 1333 3944 analognes.
1363 3873 1450 3928 Dono

407 3946 577 4017 Resupini.
607 3943 711 4011 Quint.
733 3944 835 4016 repete
860 3957 893 3998 ce
934 3944 1079 3999 humano
1095 3943 1333 4014 modnsignisre:
1353 3960 1391 4000 en
1412 3959 1450 4000 ne

396 4019 448 4074 u’il
477 4017 562 4074 avait
584 4017 653 4088 ddja
680 4015 726 4070 dit
763 4029 894 4089 presque
935 4017 1092 4086 comptant
1123 4029 1182 4086 que
1217 4030 1270 4069 sur
1308 4013 1353 4072 les
1391 4030 1450 4070 res·

373 4037 453 4146 dans
466 4090 511 4146 les
527 4092 641 4144 memes
655 4090 778 4154 termes,
795 4085 836 4152 Il,
848 4085 893 4148 11,
936 4099 1058 4140 sources
1077 4083 1252 4140 humaines.
1275 4083 1322 4140 Cf.
1347 4087 1375 4154 7,
1390 4085 1448 4142 14:

306 4180 309 4188 ’
375 4163 445 4218 4:...
466 4163 507 4216 In
529 4160 702 4230 conitendo
725 4159 822 4213 nulla
843 4171 896 4214 ra·
935 4158 1037 4211 Deum
1052 4157 1292 4224 tuncaffuisse,
1307 4160 1365 4214 ete.

376 4234 462 4289 tione
499 4232 650 4287 adhibita
677 4233 740 4285 aut
774 4232 894 4284 tectum
968 4227 1013 4283 16.
1030 4227 1203 4298 Pleraque.
1216 4226 1276 4284 Les
1305 4227 1453 4284 clemente

376 4305 541 4360 intuentes
566 4315 726 4372 mapnum
752 4299 892 4371 aliquid,
933 4295 1023 4354 d'nns
1039 4313 1130 4354 causo
1144 4313 1183 4354 en
1200 4297 1334 4371 general,
1345 4301 1375 4356 et
1389 4315 1452 4356 non

375 4377 462 4446 quod
477 4375 566 4430 ultro
588 4373 766 4440 saepserat,
785 4371 893 4440 pluri·
932 4383 989 4442 pas
1034 4368 1204 4425 seulement
1221 4370 1359 4433 :initia
1399 4370 1452 4443 qui
